% -------------------------------------------------------------
% COBEM 2019 - BIBFILE EXAMPLE
% -------------------------------------------------------------

@ARTICLE{BandarraFilho2011,
 AUTHOR =	{E P {Bandarra Filho} and J M S Jabardo},
 TITLE =	{Convective Boiling Performance of Refrigerant {R}-134a in Herringbone and Microfin Copper Tubes},
 JOURNAL =	{International Journal of Refrigeration},
 VOLUME =	{29},
 NUMBER =       {1},
 PAGES =	{81-91},
 YEAR =		{2011},
}

% -------------------------------------------------------------

@ARTICLE{CavaliniJunior2015,
 AUTHOR =	{A A {Cavalini Junior} and F A Lara-Molina  and T P Sales and E H Koroishi and V Steffen},
 TITLE =	{Uncertainty analysis of a flexible rotor supported by fluid film bearings},
 JOURNAL =	{Latin American Journal of Solids and Structures},
 VOLUME =	{12},
 PAGES =	{1487-1504},
 YEAR =		{2015},
}

% -------------------------------------------------------------

@PHDTHESIS{CavaliniJunior2013,
 AUTHOR =	{A A {Cavalini Junior}},
 TITLE =	{Detec\c{c}\~ao e identifica\c{c}\~ao de trincas transversais incipientes em eixos horizontais flex\'iveis de m\'aquinas rotativas},
 SCHOOL =	{Universidade Federal de Uberl\^andia},
 ADDRESS =	{Uberl\^andia, Brasil},
 YEAR =		{2013},
}

% -------------------------------------------------------------

@MISC{MLA04,
 AUTHOR =	{MLA},
 TITLE =	{How do {I} document sources from the Web in my works-cited list?},
 HOWPUBLISHED =	{Modern Language Association. 22 Feb. 2007  <http://www.mla.org>},
 MONTH =	{Abril},
 YEAR =		{2004},	
}

% -------------------------------------------------------------

@BOOK{McConnell.Varoto.2008,
 AUTHOR =	{K G McConnell and P S Varoto},
 TITLE =	{Vibration Testing: Theory and Practice},
 PUBLISHER =	{John Wiley \& Sons},
 ADDRESS =	{New Jersey},
 EDITION = {2nd Edition},
 YEAR =		{2008},
}

% -------------------------------------------------------------

@INPROCEEDINGS{Santos2013a,
 AUTHOR =	{D D Santos and G M Furtado and S L Frey and M F Naccache and P R {de Souza Mendes}},
 TITLE =	{Flow of elasto-viscoplastic fluids inside a cavity},
 BOOKTITLE =	{Proceedings of the 22nd International Congress of Mechanical Engineering - COBEM 2013},
 YEAR =		{2013},
 ADDRESS =	{Ribeir\~ao Preto, Brazil},
}

% -------------------------------------------------------------

@INPROCEEDINGS{Santos2013b,
 AUTHOR =	{D D Santos and G M Furtado and S L Frey and M F Naccache and P R {de Souza Mendes}},
 TITLE =	{Numerical investigation of elastic and viscous effects on inertial viscoplastic fluid flows},
 BOOKTITLE =	{Proceedings of the 22nd International Congress of Mechanical Engineering - COBEM 2013},
 YEAR =		{2013},
 ADDRESS =	{Ribeir\~ao Preto, Brazil},
}


% -------------------------------------------------------------

@ARTICLE{vari_bobi,
 AUTHOR =	{M. {Munro} },
 TITLE =	{M\'{e}todos Para Obten\c{c}\~{a}o Da Trajet\'{o}ria Do Olhal De Deposi\c{c}\~{a}o Com Elimina\c{c}\~{a}o De Colis\~{a}o  },
 JOURNAL =	{POLYMER COMPOSITES},
 VOLUME =	{9},
 PAGES =	{352-359},
 YEAR =		{1988},
}




% -------------------------------------------------------------

@PHDTHESIS{bobinamento,
 AUTHOR =	{J. D. R. {Marafona}  },
 TITLE =	{Review of Manufacturing of Fiber Composite Components by Filament Winding},
SCHOOL =	{Universidade do Porto},
 ADDRESS =	{Portugal},
 YEAR =		{1994},
}


% -------------------------------------------------------------


@ARTICLE{utilizacaoi,
 AUTHOR =	{Mc. {Carvill} and W. T.   },
 TITLE =	{Fillament-Winding Resins, Composites},
 JOURNAL =	{Engineered Materials Handbook, ASM International},
 VOLUME =	{1},
 YEAR =		{1987},
}


% -------------------------------------------------------------


@ARTICLE{influence_tension,
 AUTHOR =	{P. {Mertiny} and F. {Ellyin}  },
 TITLE =	{Influence of the Filament Winding Tension on Physical and Mechanical Properties of Reinforced Composites},
 JOURNAL =	{ Elsevier Science Ltd.},
 YEAR =		{ 2002},
}


% -------------------------------------------------------------


@BOOK{rocket_tube,
 AUTHOR =	{ {Njuguna} and {James}  },
 TITLE =	{Lightweight composite structures in transport : design, manufacturing, analysis and performance},
 PUBLISHER =	{Woodhead Publishing},
 ADDRESS =	{UK},
 EDITION = {1nd Edition},
 YEAR =		{2016},
}


% -------------------------------------------------------------


@ARTICLE{ensaio_artigo,
 AUTHOR =	{Mehmet Aktas and Ramazan Karakuzu },
 TITLE =	{Determination of Mechanical Properties of Glass-Epoxy Composites in High Temperatures},
 JOURNAL =	{ Wiley InterScience},
 YEAR =		{ 2009},
}


% -------------------------------------------------------------

@BOOK{livro_prof,
 AUTHOR =	{S. T. {Peters}},
 TITLE =	{Composite Filament Winding},
 PUBLISHER =	{ASM international},
 EDITION = {1nd Edition},
 YEAR =		{2011},
}


% -------------------------------------------------------------


@ARTICLE{design_fiber,
 AUTHOR =	{F.H. {Abdalla} and S.A. {Mutasher} and Y.A. {Khalid} and S.M. {Sapuan} and A.M.S. {Hamouda} and B.B. {Sahari} and M.M. {Hamdan} },
 TITLE =	{Design and fabrication of low cost filament winding machine},
 JOURNAL =	{ Elsevier},
 YEAR =		{ 2005},
}


% -------------------------------------------------------------


@ARTICLE{astm,
 AUTHOR =	{ASTM},
 TITLE =	{Standard Test Method for Tensile Properties of Polymer Matrix Composite Materials D 3039/D 3039M},
 JOURNAL =	{ American Society for Testing and Materials},
 YEAR =		{ 2002},
}


