@book{dowling2007,
	title={Mechanical behavior of materials},
	author={Dowing, N. E.},
	year={2007},
	publisher={Pearson Prentice Hall}}


@article{Li_Lee2009,
	title ={In-Line Motion of Subsea Pipeline Span Models Experiencing Vortex-Shedding},
	journal ={ASME 2009 28th International Conference on Ocean, Offshore and Arctic Engineering},
	volume ={5},
	pages ={269-276},
	year ={2009},
	issn ={0045-7825},
	doi ={10.1115/OMAE2009-79084},
	url ={http://proceedings.asmedigitalcollection.asme.org/proceeding.aspx?articleid=1625077},
	author ={Li Lee and Don Allen and Juan P. Pontaza and Frans Kopp and Vikas Jhingran}
}


@article{johnson_patel_1999, 
title={Flow past a sphere up to a Reynolds number of 300}, 
volume={378}, 
DOI={10.1017/S0022112098003206}, 
journal={Journal of Fluid Mechanics}, publisher={Cambridge University Press}, 
author={JOHNSON, T. A. and PATEL, V. C.}, year={1999}, pages={19–70}
}

@article{tomboulides_orszag_2000, title={Numerical investigation of transitional and weak turbulent flow past a sphere}, volume={416}, DOI={10.1017/S0022112000008880}, journal={Journal of Fluid Mechanics}, publisher={Cambridge University Press}, author={TOMBOULIDES, ANANIAS G. and ORSZAG, STEVEN A.}, year={2000}, pages={45–73}}

@article{GILMANOV2003660,
	title = "A general reconstruction algorithm for simulating flows with complex 3D immersed boundaries on Cartesian grids",
	journal = "Journal of Computational Physics",
	volume = "191",
	number = "2",
	pages = "660 - 669",
	year = "2003",
	issn = "0021-9991",
	doi = "https://doi.org/10.1016/S0021-9991(03)00321-8",
	url = "http://www.sciencedirect.com/science/article/pii/S0021999103003218",
	author = "A. Gilmanov and F. Sotiropoulos and E. Balaras"
}

@article{fornberg_1988, title={Steady viscous flow past a sphere at high Reynolds numbers}, volume={190}, DOI={10.1017/S0022112088001417}, journal={Journal of Fluid Mechanics}, publisher={Cambridge University Press}, author={Fornberg, Bengt}, year={1988}, pages={471–489}}

@article{CAMPREGHER2009,
	title = {{Computations of the flow past a still sphere at moderate reynolds numbers using an immersed boundary method}},
	journal = {{Journal of the Brazilian Society of Mechanical Sciences and Engineering}},
	author={Campregher, Rubens AND Militzer, Julio AND Mansur, Sergio Said AND Silveira Neto, Aristeu da},
	ISSN = {1678-5878},
	language = {en},
	volume = {31},
	year = {2009},
	month = {12},
	pages = {344 - 352},
	publisher = {scielo},
}

@article{Bussmann,
	author = {{Bussmann, M. Kothe, D., e Sicilian, J. M. }},
	title = {Modelling high density ratio incompressible interfacial flows},
	journal = {Proceeding of FEDSM02},
	year = {2002},
}

@article{Bohluly,
	author = {{Bohluly, A Borghe, S. M. Saidi}},
	title = {A new Method in Two Phase Flow Modeling of a Non-Uniform Grid},
	journal = {Transaction B: Mechanical Engineering},
	year = {2009},
	volume = {16},
	pages = {425-439},
}

@article{Rudman,
	author = {Rudman, M.},
	title = {A volume-tracking method for incompressible multifluid flows with large density variations},
	journal = {International Journal for Numerical Methods in Fluids},
	year = {1998},
	volume = {28},
	pages = {357-378},
}

@article{Herrmann,
	author = {Herrmann, M.},
	title = {A consistent rescaled momentum transport method for simulating large density ratio incompressible multiphase flows using level set methods},
	journal = {Physica Scripta},
	year = {2013},
	volume = {155},
}

@article{Raessi,
	author = {Raessi, M. Pitsch, H.},
	title = {Consistent mass and momentum transport for simulating incompressible interfacial flows with large density ratios using the level set method},
	journal = {Computers and Fluids},
	year = {2012},
	volume = {63},
	pages = {70-81},
}


@article{Desjardins,
	author = {{Desjardins, O. e Moureau, V.}},
	title = {Methods for multiphase flows with high density ratio},
	journal = {Center for Turbulence Research Proceedings of the Summer Program 2010},
	year = {2010},
}

@article{Fedkiw1999,
author = {{Fedkiw, R., Aslam, T., Merriman, B., Osher, S.}},
title = {A non-oscillatory eulerian approach to interfaces in multimaterial flows (the ghos fluid method)},
journal = {J. Comput. Phys.},
year = {1999},
volume = {152},
pages = {457--492},
}

@article{Liu2000,
	author = {{Liu, X. D., Fedkiw, Kang, M. }},
	title = {A boundary condition capturing method for Poisson equation on irregular domains},
	journal = {J. Sci. Phys.},
	year = {2000},
	volume = {160},
	pages = {151--178},
}

@article{Cummins2005,
	author = {{Cummins, S. J., Francois, M. M., Kothe, D. B.}},
	title = {Estimating curvature from volume fractions},
	journal = {Comput. Struct.},
	year = {2005},
	pages = {425--434},
}

@article{Francois2006,
	author = {{Francois, M. M., Cummins, S. J., Dendy, E. D., Kothe, D. B., Scilian, J. M., Willinas, M. W.}},
	title = {A balanced-force algorithm for continuous and sharp interfacial surface tension models within a volume tracking framework},
	journal = {Journal of Computational Physics},
	year = {2006},
	volume={213},
	pages = {141--173},
}

@article{poon2010laminar,
	title={Laminar flow structures from a rotating sphere: effect of rotating axis angle},
	author={Poon, Eric KW and Ooi, Andrew SH and Giacobello, Matteo and Cohen, Raymond CZ},
	journal={International Journal of Heat and Fluid Flow},
	volume={31},
	number={5},
	pages={961--972},
	year={2010},
	publisher={Elsevier}
}
@article{niazmand2003surface,
	title={Surface effects on transient three-dimensional flows around rotating spheres at moderate Reynolds numbers},
	author={Niazmand, H and Renksizbulut, M},
	journal={Computers \& fluids},
	volume={32},
	number={10},
	pages={1405--1433},
	year={2003},
	publisher={Elsevier}
}
@article{seifert2012review,
	title={A review of the Magnus effect in aeronautics},
	author={Seifert, Jost},
	journal={Progress in Aerospace Sciences},
	volume={55},
	pages={17--45},
	year={2012},
	publisher={Elsevier}
}
@article{oesterle1998experiments,
	title={Experiments on the lift of a spinning sphere in a range of intermediate Reynolds numbers},
	author={Oesterle, B and Dinh, T Bui},
	journal={Experiments in Fluids},
	volume={25},
	number={1},
	pages={16--22},
	year={1998},
	publisher={Springer}
}
@book{clift2005bubbles,
	title={Bubbles, drops, and particles},
	author={Clift, Roland and Grace, John R and Weber, Martin E},
	year={2005},
	publisher={Courier Corporation}
}
@article{roos1971some,
	title={Some experimental results on sphere and disk drag},
	author={Roos, Frederick W and Willmarth, William W},
	journal={AIAA Journal},
	volume={9},
	number={2},
	pages={285--291},
	year={1971}
}
@book{childs2010rotating,
	title={Rotating flow},
	author={Childs, Peter RN},
	year={2010},
	publisher={Elsevier}
}

@TechReport{petsc,
	author = {Satish Balay and Shrirang Abhyankar and Mark~F. Adams and Jed Brown and Peter Brune
	and Kris Buschelman and Lisandro Dalcin and Victor Eijkhout and William~D. Gropp
	and Dinesh Kaushik and Matthew~G. Knepley
	and Lois Curfman McInnes and Karl Rupp and Barry~F. Smith
	and Stefano Zampini and Hong Zhang},
	title  = {{PETS}c Users Manual},
	institution = {Argonne National Laboratory},
	year   = 2015,
	number = {ANL-95/11 - Revision 3.6},
	url    = {http://www.mcs.anl.gov/petsc}
}

@INPROCEEDINGS{hypre,
	author = {Robert D. Falgout and Ulrike Meier Yang},
	title = {hypre: a Library of High Performance Preconditioners},
	booktitle = {Preconditioners, Lecture Notes in Computer Science},
	year = {2002},
	pages = {632--641}
}


@misc{hdf,
	author = {{The HDF Group}},
	title = "Introduction to HDF5. http://www.hdfgroup.org/HDF5/doc/H5.intro.html",
	year = {2013},   
	note = "[Online; accessed 23-July-2013]"
}

@book{paraview,
	title = "The Paraview Guide : A Parallel Visualization Application",
	author = "Utkarsh Ayachit",
	publisher = "Kitware, Inc.",
	address = "New York",
	isbn = "1-930934-29-7",
	year = 2015
}

@Manual{anflex,
	title = {Anflex: Static and Dynamic Analysis for Mooring Systems and Risers},
	author = {CENPES/PETROBRAS},
	organization = {CENPES/PETROBRAS},
	address = {Rio de Janeiro, RJ - Brasil},
	year = {2019}
}

@book{python, 
  title={Python tutorial}, 
  author={Van Rossum, Guido and Drake Jr, Fred L}, 
  year={1995}, 
  publisher={Centrum voor Wiskunde en Informatica},
  address = {Amsterdam, The Netherlands}
}

@software{msexcel,
  author = {{MICROSOFT CORPORATION}},
  title = {Microsoft Excel},
  url = {https://office.microsoft.com/excel},
  version = {2019 (16.0)},
  year = {2019}
}

@InCollection{visit,
	author = {Hank Childs and Eric Brugger and Brad Whitlock and Jeremy Meredith and Sean Ahern and David Pugmire and Kathleen Biagas and Mark Miller and Cyrus Harrison and Gunther H. Weber and Hari Krishnan and Thomas Fogal and Allen Sanderson and Christoph Garth and E. Wes Bethel and David Camp and Oliver R\"{u}bel and Marc Durant and Jean M. Favre and Paul Navr\'{a}til},
	title = {{VisIt: An End-User Tool For Visualizing and Analyzing Very Large Data}},
	year = "2012",
	pages = "357-372",
	month = "Oct",
	booktitle = {{High Performance Visualization--Enabling Extreme-Scale Scientific Insight}}
}

 @misc{xdmf,
 	author = {{XdmfWeb}},
 	title = "XDMF Model and Format. http://www.xdmf.org/index.php/XDMF$\_$Model$\_$and$\_$Format",
 	year = {2013},   
 	note = "[Online; accessed 24-July-2013]"
 }
 
 @article{openmp,
 	Author = {Dagum, Leonardo and Menon, Ramesh},
 	Date-Added = {2014-07-24 11:13:01 +0000},
 	Date-Modified = {2014-07-24 11:13:01 +0000},
 	Journal = {Computational Science \& Engineering, IEEE},
 	Number = {1},
 	Pages = {46--55},
 	Publisher = {IEEE},
 	Title = {OpenMP: an industry standard API for shared-memory programming},
 	Volume = {5},
 	Year = {1998}
 }
 
 @misc{pthreads,
 	title={IEEE Std 1003.1 c-1995, Threads Extensions},
 	author={IEEE Portable Applications Standards Committee and others},
 	year={1995},
 	publisher={IEEE}
 }
 
 @article{Pathak,
 	Author = {Pathak, A. Raessi, M.},
 	Journal = {Journal of Computational Physics},
 	Pages = {87--113},
 	Title = {A 3D, fully Eulerian, VOF-based solver to study the interaction between two fluids and moving rigid bodies using the fictitious domain method},
 	Volume = {311},
 	Year = {2016}
 }
 
  
  @article{Martin,
  	Author = {Martin, J. Moyce, W.},
  	Journal = {Philos. Trans, R. Soc. Lond.},
  	Pages = {312--324},
  	Title = {An experimental study of the collapse of liquid columns on a rigid horizontal plane},
  	Volume = {244},
  	Year = {1952}
  }
  
  @article{choi1994,
  	title = {Effects of the Computational Time Step on Numerical Solutions of Turbulent Flow },
  	journal = {Journal of Computational Physics },
  	volume = {113},
  	number = {1},
  	pages = {1 -- 4},
  	year = {1994},
  	issn = {0021--9991},
  	}
  	
  	@article{bose2010,
  	author = {Sanjeeb T. Bose and Parviz Moin and Donghyun You},
  	title = {Grid-independent large-eddy simulation using explicit filtering},
  	journal = {Physics of Fluids},
  	volume = {22},
  	pages = {745--762},
  	year = {2010},
  	}
  	
  	
  	
  	@article{wilcox2008,
  	author = {D. C. Wilcox},
  	title = {Formulation of the k-w Turbulence Model Revisited},
  	journal = {AIAA},
  	volume = {46},
  	number = {11},
  	pages = {2823 -- 2838},
  	year = {2008},
  	}
  	
  	@TECHREPORT{moreau1996,
  	AUTHOR       = {P. Moreau and J. Labbe and F. Dupoirieux and R. Borghi.},
  	TITLE        = {Validation exp\'erimentale du mod\'ele peul et du code diamant dans le cadre de lop\'eration a3c},
  	INSTITUTION  = {ONERA},
  	YEAR         = {1996},
  	}
  	
  	
  	@PHDTHESIS{courtois2005,
  		AUTHOR       = {R. Courtois},
  		TITLE        = {Simulation aux grandes \'echelles de l\'ecoulement dans une chambre de combustion en forme de marche descendante},
  		TITLE        = {An\'alise num\'erica detalhada de escoamentos multif\'asicos bidimensionais},
  		SCHOOL       = {\'Ecole Centrale de Paris},
  		YEAR         = {2005}
  	}
  	
 @article{Pathak,
 	author = {A. Pathak  and M. Raessi},
 	title = {A 3D, fully Eulerian, VOF-based solver to study the interaction between two fluids and moving rigid bodies using the fictitious domain method},
 	journal = {Journal of Computational Physics },
 	volume = {311},
 	pages = {87 -- 113},
 	year = {2016}}
 
 @article{Almgren,
 	author = {{A. S. Almgren, J. B. Bell, P. Colella, L. H. Howell and M. L. Welcome}},
 	title = {A Conservative Adaptive Projection Method for the Variable Density Incompressible Navier-Stokes Equations},
 	journal = {Journal of Computational Physics },
 	volume = {142},
 	pages = {1 -- 46},
 	year = {1998}}  
 
 @article{Davis,
 	author = {Cian Davis and Patrick Frawley},
 	title = {Modelling of erosion-corrosion in practical geometries},
 	journal = {Corrosion Science},
 	volume = {51},
 	pages = {769 -- 775},
 	year = {2009}}  
 
 @article{Founti,
 	author = {M. Founti and A. Klipfel},
 	title = {Experimental and computational investigation of nearly dense two-phase sudden expansion flows},
 	journal = {Experimental Thermal and Fluid Science},
 	volume = {17},
 	pages = {27 -- 36},
 	year = {1998}}  
  	
  	@article{Benek,
  		author = {{Benek, J. A., Buning, P. G. e Steger, J. L.}},
  		title = { A 3-D Chimera Grid Embedding Technique},
  		journal = {AIAA},
  		volume = {85},
  		year = {1985},
  		pages = {1523},
  	}
  
  @InProceedings{Vatsa,
  	author = {{Vatsa, V. N., Sanetrick, M. D. e Parlette, E. B.}},
  	title = {Block Strucutured Grids for Complex Aerodynamic Configuration},
  	booktitle = {Proceedings of the Surface Modeling, Grid Generation and Related Issues in Computational Fluids Dynamics Workshop},
  	volume = {3291},
  	year = {1995},
  	pages = {163},
  	publisher = {NASA Conference Publication},
  }

@article{Thornburg,
	author = {{Thornburg, H., Soni, B. K. e Boyalakuntlal, R. H.}},
	title = {A structured grid based solution-adaptive techinique for complex separated flows},
	journal = {Appl. Math Comput.},
	volume = {89},
	year = {1998},
	pages = {259},
}

@article{Durbin,
	author = {Durbin, P. A e Iaccarino, G.},
	title = {An Approach to Local Refinement of Structured Grids},
	journal = {J. Comput. Phys.},
	volume = {181},
	year = {2002},
	pages = {639--653},
}


@article{Berger,
	author = {Berger, M. J. e Oliger, J.},
	title = {Adaptive Mesh Refinement for Hyperbolic Partial Diferential Equations},
	journal = {J. Comput. Phys.},
	volume = {53},
	year = {1984},
	pages = {484},
}

@article{Berger1,
	author = {Berger, M. J. e Jameson, A.},
	title = {Automatic Adaptive Grid Refinement for the Euler Equations},
	journal = {American Institute of Aeronautics and Astronautics Journal},
	volume = {23},
	number = {4},
	year = {1985},
	pages = {561--568},
}

@article{Berger2,
	author = {Berger, M. J.},
	title = {Data Structures for Adaptive Grid Generation},
	journal = {SIAM J. Sci. Stat. Comput.},
	volume = {7},
	number = {3},
	year = {1986},
	pages = {904--916},
}

@article{Berger3,
	author = {Berger, M. J.},
	title = {On Conservation at Grid Interfaces},
	journal = {SIAM J. Numer. Anal.},
	volume = {24},
	number = {5},
	year = {1987},
	pages = {967--984},
}

@article{Berger4,
	author = {Berger, M. J.},
	title = {Local Adaptive Mesh Refinement for Shock Hydrodynamics},
	journal = {J. Comput. Phys.},
	volume = {82},
	year = {1989},
	pages = {64--84},
}

@article{Berger5,
	author = {Berger, M. J. e Rigoutsos, I.},
	title = {An Algorithm for Hyperbolic Partial Diferential Equations},
	journal = {IEE Trans. Systems Man and Cybernet},
	volume = {21},
	year = {1991},
	pages = {1278--1286},
}

@article{Berger6,
	author = {Berger, M. J. e Le Veque, R. J.},
	title = {Adaptive Mesh Refinement UsingWave Propagation Algorithms for Hyperbolic Systems},
	journal = {IEE Trans. Systems Man and Cybernet},
	volume = {35},
	year = {1998},
	pages = {2298--2316},
}

@article{Berger7,
	author = {Berger, M. J. e  Colella, P.},
	title = {Local adaptive mesh refinement for shock hydrodynamics },
	journal = {J. Comput. Phys.},
	volume = {82},
	year = {1989},
	pages = {64--84},
}

@article{Roma,
	author = {{Roma, A. M., Peskin C. S., e Berger M. J.}},
	title = {An adaptive version of the immersed boundary method},
	journal = {J. Comput. Phys},
	volume = {153},
	pages = {509--534},
	year = {1999},
}
@PhdThesis{Griffith,
	author = {Griffith, B.E.},
	title = {Simulating the blood-muscle-valve mechanics of the heart by an adaptive and parallel version of the immersed boundary method},
	school = {Courant Institute of Mathematical Sciences},
	year = {2005},
	type = {Ph.D. Thesis},
	address = {New York University},
}
@PhdThesis{Pivello,
	author = {Pivello, M. R.},
	title = {A fully adaptive Front-Tracking method for the simulation of 3D two-phase flows},
	school = {Universidade Fedral de Uberlândia},
	year = {2012},
	type = {Ph.D. Thesis},
	address = {Uberlândia, Brasil},
}

@article{Sussman,
	author = {{Sussman, M., Almgren, A. S., Bell, J. B., Colella, P., Howell, L. H. e Welcome, M. L.}},
	title = {{An adaptive Level Set approach for incompressible two-phase flows}},
	journal = {J. Comput. Phys.},
	volume = {148},
	year = {1999},
	pages = {81--124},
}

@article{Nourgaliev,
	author = {{Nourgaliev, R.R., Sushchikh,  S.Yu., Dinh, T.N. e Theofanous, T.G.}},
	title = {Shock Wave Refraction Patterns at Interfaces},
	journal = {Int. J. Multiphase Flows},
	volume = {31},
	number = {9},
	year = {2005},
	pages = {969--995},
}

@article{Bell,
	author  = {{Bell, J. B., Berger, M. J., Saltzman J. S. e Welcome M.}},
	title = {Three-Dimensional Adaptive Mesh Refinement for Hyperbolic Conservation Laws},
	journal = {Technical Report UCRLJC108794, LLNL},
	year = {1991},
}

@PhdThesis{Rudi,
	author = {Nós, R. L.},
	title = {Simulações de escoamentos bifásicos tridimensionais bifásicos empregando métodos adaptativos e modelos de campo de fase.},
	school = {Universidade de São Paulo},
	year = {2007},
	type = {Tese de doutorado},
	address = {Brasil},
}


@article{Deshpande,
	author={M D Deshpande and S George Milton},
	title={Kolmogorov scales in a driven cavity flow},
	journal={Fluid Dynamics Research},
	volume={22},
	number={6},
	pages={359},
	url={http://stacks.iop.org/1873-7005/22/i=6/a=A04},
	year={1998},
	abstract={Turbulent flow in a three-dimensional driven cavity has been simulated directly by solving the Navier–Stokes equations. The results at Re = 3200 and 10 000 compare well with the experimental data. Viscous dissipation rate has been calculated without making the assumption of isotropy. Near the top moving wall, the instantaneous dissipation rate is very high and also has high amplitude. Its frequency increases but amplitude decreases as one moves away from the wall and it becomes intermittent in the vortex core. The high Reynolds number assumption that dissipation is mainly due to the fluctuating velocity components is seen to be true in the present case except near the wall. The Kolmogorov length scale attains higher values in the core of the primary vortex due to low dissipation rate there. A value of 0.01 times the size of the cubic cavity is a good representative value at Re = 10 000. Even though the present (84 × 84 × 84) grid cannot resolve this scale very well, it can resolve all the scales 
	dynamically significant in the flow as seen from the velocity and dissipation spectra.}
}


@ARTICLE{Prasad,
	author = {{Prasad}, A.~K. and {Koseff}, J.~R.},
	title = "{Reynolds number and end-wall effects on a lid-driven cavity flow}",
	journal = {Physics of Fluids},
	keywords = {CAVITIES, CAVITY FLOW, REYNOLDS NUMBER, WALL FLOW, LASER ANEMOMETERS, MOMENTUM TRANSFER, POWER SPECTRA, VELOCITY DISTRIBUTION, VISCOUS DRAG, VORTICES},
	year = 1989,
	month = feb,
	volume = 1,
	pages = {208-218},
	doi = {10.1063/1.857491},
	adsurl = {http://adsabs.harvard.edu/abs/1989PhFl....1..208P},
	adsnote = {Provided by the SAO/NASA Astrophysics Data System}
}

@article{hutchinson,
	author = {Hutchinson, J. R.},
	doi = {10.1115/1.1349417},
	journal = {Journal of Applied Mechanics},
	keywords = {for:giacomo, shear\_coefficient, timoshenko\_beam\_theory},
	number = {1},
	pages = {87--92},
	posted-at = {2010-05-25 16:32:28},
	priority = {2},
	publisher = {ASME},
	title = {{Shear Coefficients for Timoshenko Beam Theory}},
	volume = {68},
	year = {2001}
}

@book{imbert,
	author = {Imbert, J. F.},
	isbn = {9782854282733},
	posted-at = {2011-11-15 10:15:17},
	priority = {2},
	publisher = {C\'{e}padu\`{e}s},
	title = {{Analyse des structures par \'{e}l\'{e}ments finis}},
	year = {1991}
}

@book{lalanne,
	title={Rotordynamics prediction in engineering},
	author={Lalanne, M. and Ferraris, G.},
	number={v. 2},
	isbn={9780471972884},
	lccn={97022472},
	series={Rotordynamics prediction in engineering},
	year={1998},
	publisher={John Wiley}
}


@article{kolmogorov1941,
	Author         = {Andrey Nikolaevich Kolmogorov },
	Title          = {The Local Structure of Turbulence in Incompressible Viscous Fluid for Very Large Reynolds Numbers},
	Journal        = {Doklady Akademiia Nauk SSSR},
	Volume         = {30},
	Pages          = {301-305},
	year           = {1941}
}



@PhdThesis{JIN_XING2011,
	author = {Xing, Jin},
	title = {Fatigue of Pipelines resting on Uneven Seabed},
	school = {Norwegian University of Science and Technology},
	year = {2011},
	type = {Master thesis},
	pages = {85},
	adress={Trondheim,Sor-Trondelag}
}

@Book{lesieur2008,
	Author         = {Lesieur, M.},
	Title          = {Turbulence in Fluids},
	Volume	= {84},
	address = {Dordrecht, NL},
	editor = {Moreau, R.},
	Publisher      = {Springer},
	Series         = {Fluid Mechanics and its Applications},
	Edition        = {4},
	isbn           = {978-1-4020-6435-7},
	pages          = {563},
	year           = {2008}
}

@article{germano1991,
	author = {Germano, Massimo and Piomelli, Ugo and Moin, Parviz and Cabot, William H.},
	title = {A dynamic subgrid-scale eddy viscosity model},
	journal = {Physics of Fluids A},
	year = {1991},
	volume = {3},
	number = {7}, 
	eid = {},
	pages = {1760-1765},
	url = {http://scitation.aip.org/content/aip/journal/pofa/3/7/10.1063/1.857955},
	doi = {http://dx.doi.org/10.1063/1.857955} 
}

@article{orlanski1976,
	author = {Orlanski, I.},
	title = {A Simple Boundary Condition for Unbounded Hyperbolic Flows},
	journal = {Journal of Computational Physics},
	year = {1976},
	volume = {21},
	pages = {251-269}
}

@book{craig2006,
	title={Fundamentals of Structural Dynamics},
	author={Craig, R.R. and Kurdila, A.J.},
	isbn={9780471430445},
	lccn={2005043679},
	url={https://books.google.com.br/books?id=iP1Er7ULtWwC},
	year={2006},
	publisher={Wiley}
}

@ARTICLE{Ascher97,
	author = {Uri M. Ascher and Steven J. Ruuth and Brian T. R. Wetton},
	title = {Implicit-Explicit Methods For Time-Dependent PDEs},
	journal = {SIAM J. NUMER. ANAL},
	year = {1997},
	volume = {32},
	pages = {797--823}
}

@PhdThesis{Joao2011,
	author = { Vedovoto, J. M.},
	title = {Mathematical and numerical modeling of turbulent reactive flows using a hybrid LES / PDF methodology.},
	school = {Universidade Federal de Uberl{\^a}ndia e Escola Doutoral da {\'E}cole Nationale Sup{\'e}rieure de M{\'e}canique et d{\textquotesingle}A{\'e}rotechnique},
	year = {2011},
	type = {PhD Thesis},
	pages = {226},
	adress={Universidade Federal de Uberl{\^a}ndia, Uberl{\^a}ndia, Brasil and {\'E}cole Nationale Sup{\'e}rieure de M{\'e}canique et d{\textquotesingle}A{\'e}rotechnique - ENSMA, Poitiers, France},
	url={https://repositorio.ufu.br/handle/123456789/14704}
}

@article{Ruuth2008,
	author = {Wang, D. and Ruuth, S.J},
	title = {Variable step-size implicit-explicit linear multistep methods for time-dependent partial differential equations},
	journal = {Journal of Computational Mathematics},
	year = {2008},
	volume = {26},
	url={http://hdl.handle.net/2142/18708},
	pages = {838-855},
}

@ARTICLE{cubista,
	author = {Alves, M.A. and Oliveira, P.J. and Pinho, F.T.},
	title ={{A convergent and universally bounded interpolation scheme for the treatment of advection}},
	journal = {International Journal for Numerical Methods in Fluids},
	year = 2003,
	month = jan,
	volume = 41,
	pages = {47-75},
	doi = {10.1002/fld.428},
}

@ARTICLE{TVD,
	author = {Harten, A.},
	title ={{High Resolution Schemes for Hyperbolic Conservation Laws}},
	journal = {Journal of Computational Physics},
	year = 1997,
	month = aug,
	volume = 135,
	pages = {260-278},
	doi = {10.1006/jcph.1997.5713},
}

@book{Ferziger2002,
	title={Computational Methods for Fluid Dynamics},
	author={Joel H. Ferziger e Milovan Peric},
	isbn={978-3-540-42074-3},
	year={2002},
	Edition =  {3},
	publisher={Springer-Verlag Berlin Heidelberg},
	doi = {10.1007/978-3-642-56026-2},
}


@article{chorin1967,
	author ={Chorin, Alexandre Joel},
	fjournal ={Bulletin of the American Mathematical Society},
	journal ={Bull. Amer. Math. Soc.},
	month ={11},
	number ={6},
	pages ={928--931},
	publisher ={American Mathematical Society},
	title ={The numerical solution of the Navier-Stokes equations for an incompressible fluid},
	url ={http://projecteuclid.org/euclid.bams/1183529112},
	volume ={73},
	year ={1967}
}

@article{Wang2008,
	title ={Combined multi-direct forcing and immersed boundary method for simulating flows with moving particles },
	journal ={International Journal of Multiphase Flow },
	volume ={34},
	number ={3},
	pages ={283 - 302},
	year ={2008},
	note ={},
	issn ={0301-9322},
	doi ={http://dx.doi.org/10.1016/j.ijmultiphaseflow.2007.10.004},
	url ={http://www.sciencedirect.com/science/article/pii/S0301932207001474},
	author ={Zeli Wang and Jianren Fan and Kun Luo}
}

@article{VEDOVOTO2015,
	title = {Mathematical and Numerical Modeling of Turbulent Flows},
	journal = {Anais da Academia Brasileira de Ci{\^e}ncias},
	author={Vedovoto, Jo{\~a}o M. AND Serfaty, Ricardo AND {Silveira Neto}, Aristeu da},
	ISSN = {0001-3765},
	language = {en},
	URL = {http://www.scielo.br/scielo.php?script=sci_arttext&pid=S0001-37652015000201195&nrm=iso},
	volume = {87},
	year = {2015},
	month = {06},
	pages = {1195 - 1232},
	publisher = {scielo}
	
}

@article{Griffith2005,
	title ={On the order of accuracy of the immersed boundary method: Higher order convergence rates for sufficiently smooth problems },
	journal ={Journal of Computational Physics },
	volume ={208},
	number ={1},
	pages ={75 - 105},
	year ={2005},
	note ={},
	issn ={0021-9991},
	doi ={http://dx.doi.org/10.1016/j.jcp.2005.02.011},
	url ={http://www.sciencedirect.com/science/article/pii/S0021999105000835},
	author ={Boyce E. Griffith and Charles S. Peskin}
}


@PhdThesis{aldemir2013,
	author = { Cavalini , A. A.},
	title = {Detec{\c c}{\~a}o e Identifica{\c c}{\~a}o de Trincas Transversais Inicipientes em Eixos Horizontais Flex{\'i}veis de M{\'a}quinas Rotativas.},
	school = {Universidade Federal de Uberl{\^a}ndia},
	year = {2013},
	type = {Tese de Doutorado},
	pages = {134},
	adress={Universidade Federal de Uberl{\^a}ndia, Uberl{\^a}ndia, MG}
}

@book{imbert1991,
	title={Analyse des structures par {\'e}l{\'e}ments finis.},
	author={Imbert, J. F},
	year={1991},
	isbn={978-2854282733},
	Edition =  {3},
	publisher={Editions C{\'e}padu{\`e}s},
	doi = {10.1007/978-3-642-56026-2}
}

@book{lalanne1984,
	TITLE = {{Mechanical Vibrations for Engineers}},
	AUTHOR = {Lalanne, Michel and Berthier, Patrick and Der Hagopian, Johan},
	URL = {https://cel.archives-ouvertes.fr/cel-00315803},
	NOTE = {Lecture},
	YEAR = {1984},
	PDF = {https://cel.archives-ouvertes.fr/cel-00315803/file/MECHANICAL_VIBRATIONS_FOR_ENGINEERS_AB_.pdf},
	HAL_ID = {cel-00315803},
	HAL_VERSION = {v1}
}

@book{lalanne1998,
	title={Rotordynamics prediction in engineering},
	author={Lalanne, M. and Ferraris, G.},
	number={v. 2},
	isbn={9780471972884},
	lccn={97022472},
	series={Rotordynamics prediction in engineering},
	url={https://books.google.com.br/books?id=JONSAAAAMAAJ},
	year={1998},
	publisher={John Wiley}
}

@article{hutchinson2000,
	title ={Shear Coefficients for Timoshenko Beam Theory},
	journal ={J. Appl. Mech },
	volume ={68},
	pages ={87 - 92},
	year ={2000},
	doi ={10.1115/1.1349417},
	author ={J. R. Hutchinson}
}

@book{rade2011,
	title={M{\'e}todo dos Elementos Finitos Aplicados {\`a} Engenharia Mec{\^a}nica},
	author={Rade, D. A.},
	year={2011}
}

@ARTICLE{Sotiropoulos2014,
	title={Immersed boundary methods for simulating fluid--structure interaction},
	author={Sotiropoulos, Fotis and Yang, Xiaolei},
	journal={Progress in Aerospace Sciences},
	volume={65},
	pages={1--21},
	year={2014},
	publisher={Pergamon}
}
@article{Matthies2006,
	title ={Algorithms for strong coupling procedures },
	journal ={Computer Methods in Applied Mechanics and Engineering },
	volume ={195},
	number ={17-18},
	pages ={2028 - 2049},
	year ={2006},
	note ={Fluid-Structure Interaction },
	issn ={0045-7825},
	doi ={http://dx.doi.org/10.1016/j.cma.2004.11.032},
	url ={http://www.sciencedirect.com/science/article/pii/S0045782505001969},
	author ={Hermann G. Matthies and Rainer Niekamp and Jan Steindorf}
}

@article{Forster2006,
	title ={The artificial added mass effect in Sequential staggered fluid-structure Interaction algorithms },
	journal ={European Conference on Computational Fluid Dynamics ECCOMAS CFD 2006 },
	year ={2006},
	author ={Christiane F{\"o}rster and Wolfgang A. Wall and Ekkehard Ramm}
}

@article{Li_Lee2009,
	title ={In-Line Motion of Subsea Pipeline Span Models Experiencing Vortex-Shedding},
	journal ={ASME 2009 28th International Conference on Ocean, Offshore and Arctic Engineering},
	volume ={5},
	pages ={269-276},
	year ={2009},
	issn ={0045-7825},
	doi ={10.1115/OMAE2009-79084},
	url ={http://proceedings.asmedigitalcollection.asme.org/proceeding.aspx?articleid=1625077},
	author ={Li Lee and Don Allen and Juan P. Pontaza and Frans Kopp and Vikas Jhingran}
}

@PhdThesis{Borges2010,
	author = { Borges, Adailton Silva},
	title = {Desenvolvimento de procedimentos de modelagem de intera{\c c}{\~a}o fluido-estrutura combinando a Teoria de Vigas de Cosserat e a metologia de fronteira imersa.},
	school = {Universidade Federal de Uberl{\^a}ndia},
	year = {2010},
	type = {PhD Thesis},
	pages = {199},
	adress={Universidade Federal de Uberl{\^a}ndia, Uberl{\^a}ndia, Brasil},
	url ={https://repositorio.ufu.br/handle/123456789/14690}
}

@PhdThesis{Joao2007,
	author = { Vedovoto, J. M.},
	title = {Modelagem matem{\'a}tica e simula{\c c}{\~a}o num{\'e}rica de escoamentos incompress{\'i}veis sobre geometrias complexas tridimensionais utilizando o m{\'e}todo da fronteira imersa.},
	school = {Universidade Federal de Uberl{\^a}ndia},
	year = {2007},
	type = {Disserta{\c c}{\~a}o de Mestrado},
	pages = {70},
	adress={Universidade Federal de Uberl{\^a}ndia, Uberl{\^a}ndia, Brasil },
	url={https://repositorio.ufu.br/handle/123456789/15023}
}

@PhdThesis{Romao2013,
	author = { Melo, Rafael Rom{\~a}o da Silva},
	title = {Formula{\c c}{\~o}es integral e diferencial aplicadas {\`a} an{\'a}lise de escoamentos sobre rotores e{\'o}licos.},
	school = {Universidade Federal de Uberl{\^a}ndia},
	year = {2013},
	type = {Disserta{\c c}{\~a}o de Mestrado},
	pages = {129},
	adress={Universidade Federal de Uberl{\^a}ndia, Uberl{\^a}ndia, Brasil },
	url={https://repositorio.ufu.br/handle/123456789/14962}
}

@PhdThesis{	Andrade2015,
	author = { 	Andrade, João Rodrigo},
	title = {M{\'e}todos de fronteira imersa para corpos esbeltos: implementa{\c c}{\~a}o e valida{\c c}{\~a}o},
	school = {Universidade Federal de Uberl{\^a}ndia},
	year = {2015},
	type = {Disserta{\c c}{\~a}o de Mestrado},
	pages = {133},
	adress={Universidade Federal de Uberl{\^a}ndia, Uberl{\^a}ndia, Brasil },
	url={https://repositorio.ufu.br/handle/123456789/15015}
}

@Article{Kuttler2008,
	author={K{\"u}ttler, Ulrich
	and Wall, Wolfgang A.},
	title={Fixed-point fluid-structure interaction solvers with dynamic relaxation},
	journal={Computational Mechanics},
	year={2008},
	volume={43},
	number={1},
	pages={61-72},
	issn={1432-0924},
	doi={10.1007/s00466-008-0255-5},
	url={http://dx.doi.org/10.1007/s00466-008-0255-5}
}


@PhdThesis{Lisita2007,
	author = {Ribera, Rodrigo Lisita},
	title = {Intera{\c c}{\~a}o fluido-estrutura em cilindros utilizando din{\^a}mica dos fluidos computacional.},
	school = {Universidade Federal de Uberl{\^a}ndia},
	year = {2007},
	type = {Disserta{\c c}{\~a}o de Mestrado},
	pages = {159},
	adress={Universidade Federal de Uberl{\^a}ndia, Uberl{\^a}ndia, Brasil },
	url={https://repositorio.ufu.br/handle/123456789/14811}
}

@Article{Sheldon2014,
	author={Jason P. Sheldon, Scott T. Miller, Jonathan S. Pitt},
	title={Methodology for Comparing Coupling Algorithms for Fluid-Structure Interaction Problems},
	journal={World Journal of Mechanics},
	year={2014},
	volume={4},
	pages={54-70 },
	doi={10.4236/wjm.2014.42007},
	url={http://www.scirp.org/journal/PaperInformation.aspx?PaperID=42982}
}

@article{Habchi2013,
	title ={Partitioned solver for strongly coupled fluid-structure interaction },
	journal ={Computers {\&} Fluids },
	volume ={71},
	number ={},
	pages ={306 - 319},
	year ={2013},
	note ={},
	issn ={0045-7930},
	doi ={http://dx.doi.org/10.1016/j.compfluid.2012.11.004},
	url ={http://www.sciencedirect.com/science/article/pii/S0045793012004367},
	author ={Charbel Habchi and Serge Russeil and Daniel Bougeard and Jean-Luc Harion and Thierry Lemenand and Akram Ghanem and Dominique Della Valle and Hassan Peerhossaini}
}

@article{Pontaza2013,
	title ={Prediction of Vortex-Induced Vibration Response of a Pipeline Span by Coupling a Viscous Flow Solver and a Beam Finite Element Solver},
	journal ={Journal of Offshore Mechanics and Arctic Engineering},
	volume ={135},
	pages ={031702-1-031702-9},
	year ={2013},
	doi ={10.1115/1.4023789},
	author ={Juan P. Pontaza and Raghu G. Menon}
}

@article{Forster2007,
	title ={Artificial added mass instabilities in sequential staggered coupling of nonlinear structures and incompressible viscous flows },
	journal ={Computer Methods in Applied Mechanics and Engineering },
	volume ={196},
	number ={7},
	pages ={1278 - 1293},
	year ={2007},
	issn ={0045-7825},
	doi ={http://dx.doi.org/10.1016/j.cma.2006.09.002},
	url ={http://www.sciencedirect.com/science/article/pii/S0045782506002544},
	author ={Christiane F{\"o}rster and Wolfgang A. Wall and Ekkehard Ramm}
}

@article{Lei1999,
	title ={Re-examination of the effect of a plane boundary on force and vortex shedding of a circular cylinder },
	journal ={Journal of Wind Engineering and Industrial Aerodynamics },
	volume ={80},
	number ={3},
	pages ={263 - 286},
	year ={1999},
	issn ={0167-6105},
	doi ={http://dx.doi.org/10.1016/S0167-6105(98)00204-9},
	url ={http://www.sciencedirect.com/science/article/pii/S0167610598002049},
	author ={C. Lei and L. Cheng and K. Kavanagh}
}

@article{Yang2008,
	title ={Experimental study of vortex-induced vibrations of a pipeline near an erodible sandy seabed },
	journal ={Ocean Engineering },
	volume ={35},
	number ={3-4},
	pages ={301-309},
	year ={2008},
	note ={},
	issn ={0029-8018},
	doi ={http://dx.doi.org/10.1016/j.oceaneng.2007.11.001},
	url ={http://www.sciencedirect.com/science/article/pii/S0029801807002491},
	author ={Bing Yang and Fu-Ping Gao and Dong-Sheng Jeng and Ying-Xiang Wu}
}

@article{Zang2013,
	title ={Physical modeling and swirling strength analysis of vortex shedding from near-bed piggyback pipelines },
	journal ={Applied Ocean Research },
	volume ={40},
	number ={},
	pages ={50 - 59},
	year ={2013},
	note ={},
	issn ={0141-1187},
	doi ={http://dx.doi.org/10.1016/j.apor.2013.01.001},
	url ={http://www.sciencedirect.com/science/article/pii/S0141118713000023},
	author ={Zhi-Peng Zang and Fu-Ping Gao and Jin-Sheng Cui}
}

@article{Zang2014,
	title ={Steady current induced vibration of near-bed piggyback pipelines: Configuration effects on \{VIV\} suppression },
	journal ={Applied Ocean Research },
	volume ={46},
	number ={},
	pages ={62 - 69},
	year ={2014},
	note ={},
	issn ={0141-1187},
	doi ={http://dx.doi.org/10.1016/j.apor.2014.02.004},
	url ={http://www.sciencedirect.com/science/article/pii/S0141118714000121},
	author ={Zhi-Peng Zang and Fu-Ping Gao}
}

@article{Xu2014,
	title ={Numerical study on the suppression of the vortex-induced vibration of an elastically mounted cylinder by a traveling wave wall },
	journal ={Journal of Fluids and Structures },
	volume ={44},
	number ={},
	pages ={145 - 165},
	year ={2014},
	issn ={0889-9746},
	doi ={http://dx.doi.org/10.1016/j.jfluidstructs.2013.10.005},
	url ={http://www.sciencedirect.com/science/article/pii/S0889974613002247},
	author ={Feng Xu and Wen-Li Chen and Yi-Qing Xiao and Hui Li and Jin-Ping Ou}
}

@article{Zhao2011,
	title ={Numerical simulation of two-degree-of-freedom vortex-induced vibration of a circular cylinder close to a plane boundary },
	journal ={Journal of Fluids and Structures },
	volume ={27},
	number ={7},
	pages ={1097 - 1110},
	year ={2011},
	issn ={0889-9746},
	doi ={http://dx.doi.org/10.1016/j.jfluidstructs.2011.07.001},
	url ={http://www.sciencedirect.com/science/article/pii/S088997461100106X},
	author ={Ming Zhao and Liang Cheng}
	
}


@article{Zhao2007,
	title ={Numerical Modeling of Flow and Hydrodynamic Forces around a Piggyback Pipeline near the Seabed },
	journal ={Journal of Waterway, Port, Coastal, and Ocean Engineering},
	volume ={133},
	number ={7},
	pages ={286-295},
	year ={2007},
	issn ={1943-5460},
	doi ={http://dx.doi.org/10.1061/(ASCE)0733-950X(2007)133:4(286)},
	author ={Ming Zhao and Liang Cheng and Bin Teng}
}


@PhdThesis{Inge2011,
	author = {Knut Inge Engelbreth},
	title = {Viscous Flow Around a Circular Cylinder Near a Plane Wall.},
	school = {Norwegian University of Science and Technology (NTNU)},
	year = {2011},
	type = {Master Thesis},
	pages = {159},
	adress={H{\o}gskoleringen 1, 7491 Trondheim, Noruega},
	url={http://urn.kb.se/resolve?urn=urn:nbn:no:ntnu:diva-15482 }
}

@article{Chern2014,
	title ={Direct-forcing immersed boundary modeling of vortex-induced vibration of a circular cylinder },
	journal ={Journal of Wind Engineering and Industrial Aerodynamics },
	volume ={134},
	number ={},
	pages ={109 - 121},
	year ={2014},
	note ={},
	issn ={0167-6105},
	doi ={http://dx.doi.org/10.1016/j.jweia.2014.08.015},
	url ={http://www.sciencedirect.com/science/article/pii/S0167610514001913},
	author ={Ming-Jyh Chern and Yu-Hao Kuan and Giri Nugroho and Guan-Ting Lu and Tzyy-Leng Horng}
}

@article{Tseng2003,
abstract = {An efficient ghost-cell immersed boundary method (GCIBM) for simulating turbulent flows in complex geometries is presented. A boundary condition is enforced through a ghost cell method. The reconstruction procedure allows systematic development of numerical schemes for treating the immersed boundary while preserving the overall second-order accuracy of the base solver. Both Dirichlet and Neumann boundary conditions can be treated. The current ghost cell treatment is both suitable for staggered and non-staggered Cartesian grids. The accuracy of the current method is validated using flow past a circular cylinder and large eddy simulation of turbulent flow over a wavy surface. Numerical results are compared with experimental data and boundary-fitted grid results. The method is further extended to an existing ocean model (MITGCM) to simulate geophysical flow over a three-dimensional bump. The method is easily implemented as evidenced by our use of several existing codes.},
author = {Tseng, Yu-Heng and Ferziger, Joel H.},
doi = {10.1016/j.jcp.2003.07.024},
file = {:media/helio/02bd89e2-2bb4-4933-8ae7-672a6eb82a94/onedrive/artigos/10.1.1.472.8667.pdf:pdf},
isbn = {0021-9991},
issn = {00219991},
journal = {Journal of Computational Physics},
number = {2},
pages = {593--623},
pmid = {30},
title = {{A ghost-cell immersed boundary method for flow in complex geometry}},
url = {http://linkinghub.elsevier.com/retrieve/pii/S0021999103004108},
volume = {192},
year = {2003}
}


%%%%%%%%%%%%%%%%%%%%%%%%%%%%%%%%%%%%%%%%%%%%%%%%%%%%%%%%%%%%%%%%%%%%%%%%%%%%%%%%%%%%%%%%%%%%%%%%%%%%%%%%%%%%%%%%%%%%%%%%%%

%%Interação fluido-estrutura
@book{naudascher2012,
	title={Flow-Induced Vibrations: An Engineering Guide},
	author={Naudascher, E. and Rockwell, D.},
	isbn={9780486136134},
	series={Dover Civil and Mechanical Engineering},
	year={2012},
	publisher={Dover Publications}
}
@book{Kaneko2008,
	author = {Kaneko, Shigehiko and Nakamura, Tomomichi and Inada, Fumio and Kato, Minoru},
	isbn = {9780080449548},
	title = {{Flow-Induced Vibrations}},
	year = {2008}
}
@article{Kumar2006,
	author = {Kumar, Bhaskar and Mittal, Sanjay},
	doi = {10.1002/fld.1098},
	issn = {02712091},
	journal = {International Journal for Numerical Methods in Fluids},
	number = {8},
	pages = {987--1001},
	title = {{Effect of blockage on critical parameters for flow past a circular cylinder}},
	volume = {50},
	year = {2006}
}


@article{Pontaza2010,
	title ={On The Numerical Simulation Of Fluid-Structure Interaction To Estimate The Fatigue Life Of Subsea Pipeline Spans: Effects Of Wall Proximity},
	journal ={Proceedings of the ASME 2010 29th International Conference on Ocean, Offshore and Arctic Engineering},
	pages ={817-827},
	year ={2010},
	volume ={6},
	doi ={10.1115/OMAE2010-20804},
	author ={Juan P. Pontaza and Raghu G. Menon},
	isbn={978-0-7918-4914-9 }
}

@article {Avitabile2001,
	author = {Avitabile, Pete},
	title = {MODAL SPACE Back to Basics},
	journal = {Experimental Techniques},
	volume = {25},
	number = {5},
	publisher = {Blackwell Publishing Ltd},
	issn = {1747-1567},
	url = {http://dx.doi.org/10.1111/j.1747-1567.2001.tb00035.x},
	doi = {10.1111/j.1747-1567.2001.tb00035.x},
	pages = {17--18},
	year = {2001},
}
@article{Maia2003,
	title = "DAMAGE DETECTION IN STRUCTURES: FROM MODE SHAPE TO FREQUENCY RESPONSE FUNCTION METHODS",
	journal = "Mechanical Systems and Signal Processing",
	volume = "17",
	number = "3",
	pages = "489 - 498",
	year = "2003",
	note = "",
	issn = "0888-3270",
	doi = "http://dx.doi.org/10.1006/mssp.2002.1506",
	url = "http://www.sciencedirect.com/science/article/pii/S0888327002915062",
	author = "N.M.M. MAIA and J.M.M. SILVA and E.A.M. ALMAS and R.P.C. SAMPAIO",
}

@book{rao2009,
	title={Vibra{\c{c}}{\~o}es mec{\^a}nicas},
	author={Rao, S.S.},
	isbn={9788576052005},
	url={https://books.google.com.br/books?id=3DSNPgAACAAJ},
	year={2009},
	publisher={PRENTICE HALL BRASIL}
}

@book{Kwon2000,
	author = {Kwon, Young W. and Bang, Hyochoong},
	title = {The  Finite Element Method Using MATLAB},
	year = {2000},
	isbn = {0849309182},
	edition = {2nd},
	publisher = {CRC Press, Inc.},
	address = {Boca Raton, FL, USA},
} 
@incollection{Gawronski1994,
	author      = "Gawronski, W. and Mellstrom, J. A.",
	title       = "Control and dynamics of the deep space network antennas.",
	editor      = "Cornelius T. Leondes",
	booktitle   = "Control and Dynamic Systems",
	number="v. 63",
	publisher   = " Academic Press",
	address     = "San Diego, California",
	year        = 1994,
	isbn="9780120127634",
	lccn="73642137",
	issn="0090-5267",
	series="Control and Dynamic Systems: Advances in Theory and Applications",
	url="https://books.google.ie/books?id=vvZQAAAAMAAJ",
}

@book{ewins2000,
	title={Modal testing: theory, practice, and application},
	author={Ewins, D.J.},
	isbn={9780863802188},
	lccn={84009988},
	series={Mechanical engineering research studies: Engineering dynamics series},
	url={https://books.google.com.br/books?id=Z4QoAQAAMAAJ},
	year={2000},
	publisher={Research Studies Press}
}

@PhdThesis{moreira1998,
	author = {MOREIRA, F. J. O.},
	title = {Um controlador h$\infty$ de banda limitada para o controle ativo de vibra{\c c}{\~a}o estrutural},
	school={ Departamento de Mec{\^a}nica Computacional, Universidade de Campinas},
	year = {1998},
	pages = {199},
	type = {Tese de Doutorado},
	adress={Campinas, SP}
}

@book{ogata1998,
	title={Engenharia de controle moderno},
	author={Ogata, K.},
	year={1998},
	publisher={PRENTICE HALL BRASIL}
}

@Book{white1998,
	Author         = {White, Frank M.},
	Title          = {Fluid Mechanics},
	Publisher      = {McGraw-Hill},
	Series         = {{McGraw-Hill Series in Mechanical Engineering}},
	Address        = {New York, NY, USA},
	Edition        = {4},
	year           = 1998
}

@article{TimoshenkoxEuler,
	author = {Han, S. M. and Benaroya, H. and Wei, T.},
	citeulike-article-id = {6589074},
	citeulike-linkout-0 = {http://dx.doi.org/10.1006/jsvi.1999.2257},
	day = {02},
	doi = {10.1006/jsvi.1999.2257},
	issn = {0022460X},
	journal = {Journal of Sound and Vibration},
	keywords = {waves},
	month = sep,
	number = {5},
	pages = {935--988},
	posted-at = {2013-01-28 17:26:13},
	priority = {2},
	title = {DYNAMICS OF TRANSVERSELY VIBRATING BEAMS USING FOUR ENGINEERING THEORIES},
	url = {http://dx.doi.org/10.1006/jsvi.1999.2257},
	volume = {225},
	year = {1999}
}

@PhdThesis{Haelterman2009,
	author = { Haelterman, Robby},
	title = {Analytische studie van de Least Squares Quasi-Newton methode voor interactieproblemen.},
	school = {Universiteit Gent},
	year = {2009},
	type = {PhD Thesis},
	pages = {224},
	adress={Vakgroep Mechanica van Stroming, Warmte en Verbranding St.-Pietersnieuwstraat 41, B-9000 Gent, België},
}
@MastersThesis{Jrodrigo2015,
	author = {Jo{\~{a}}o Rodrigo Andrade},
	title = {{M{\'{e}}todos de fronteira imersa para corpos esbeltos: implementa{\c{c}}{\~{a}}o e valida{\c{c}}{\~{a}}o}},
	year = {2015},
	school = {Universidade Federal de Uberlandia - Faculdade de Engenharia Mecânica}
}
@article{Berthelsen2008,
	author = {Berthelsen, Petter A. and Faltinsen, Odd M.},
	title = {A Local Directional Ghost Cell Approach for Incompressible Viscous Flow Problems with Irregular Boundaries},
	journal = {J. Comput. Phys.},
	issue_date = {April, 2008},
	volume = {227},
	number = {9},
	month = apr,
	year = {2008},
	issn = {0021-9991},
	pages = {4354--4397},
	numpages = {44},
	doi = {10.1016/j.jcp.2007.12.022},
	acmid = {1353057},
	publisher = {Academic Press Professional, Inc.},
	address = {San Diego, CA, USA},
	keywords = {02.60.Cb, 02.70.Bf, 47.11.Bc, 65M06, 65M50, 76D05, 76M20, Cartesian grid, Finite difference methods, Ghost cell method, Immersed boundary method, Incompressible Navier-Stokes equation, Irregular domain},
}
@Inbook{Tremblay2002,
	author={Tremblay, F. and Friedrich, R.},
	editor={Wagner, Siegfried and Rist, Ulrich and Heinemann, Hans-Joachim and Hilbig, Reinhard},
	title={An Algorithm to Treat Flows Bounded by Arbitrarily Shaped Surfaces with Cartesian Meshes},
	bookTitle={New Results in Numerical and Experimental Fluid Mechanics III: Contributions to the 12th STAB/DGLR Symposium Stuttgart, Germany 2000},
	year={2002},
	publisher={Springer Berlin Heidelberg},
	address={Berlin, Heidelberg},
	pages={289--296},
	isbn={978-3-540-45466-3},
	doi={10.1007/978-3-540-45466-3_35},
}

@article{bhaskar1995,
	title = {Estimates of errors in the frequency response of non-classically damped systems},
	journal = {Journal of Sound and Vibration},
	volume = {184},
	number = {1},
	pages = {59 - 72},
	year = {1995},
	issn = {0022-460X},
	doi = {https://doi.org/10.1006/jsvi.1995.0304},
	url = {http://www.sciencedirect.com/science/article/pii/S0022460X8570304},
	author = {A. Bhaskar}
}

@article{Tritton1959,
	author = {Tritton, D. J.},
	doi = {10.1017/S0022112059000829},
	issn = {0022-1120},
	journal = {Journal of Fluid Mechanics},
	month = {nov},
	number = {04},
	pages = {547},
	title = {{Experiments on the flow past a circular cylinder at low Reynolds numbers}},
	volume = {6},
	year = {1959}
}
@article{Wieselsberger1921,
	author = {Wieselsberger, C.},
	journal = {Physikalische Zeitscrift},
	pages = {321--328},
	title = {{New data on the laws of fluid resistance}},
	volume = {22},
	year = {1921}
}
@article{Finn1953,
	author = {Finn, R. K.},
	doi = {10.1063/1.1721373},
	issn = {0021-8979},
	journal = {Journal of Applied Physics},
	month = {jun},
	number = {6},
	pages = {771--773},
	title = {{Determination of the Drag on a Cylinder at Low Reynolds Numbers}},
	volume = {24},
	year = {1953}
}
@article{Jayaweera1965,
	author = {Jayaweera, K. O. L. F. and Mason, B. J.},
	doi = {10.1017/S002211206500109X},
	issn = {0022-1120},
	journal = {Journal of Fluid Mechanics},
	month = {aug},
	number = {04},
	pages = {709},
	title = {{The behaviour of freely falling cylinders and cones in a viscous fluid}},
	volume = {22},
	year = {1965}
}
@article{Barton1995,
	author = {Barton, I. E.},
	doi = {10.1002/fld.1650210804},
	issn = {0271-2091},
	journal = {International Journal for Numerical Methods in Fluids},
	number = {8},
	pages = {653--665},
	title = {{A numerical study of flow over a confined backward-facing step}},
	volume = {21},
	year = {1995}
}
@article{Dormand1980,
	author = {Dormand, J.R. and Prince, P.J.},
	doi = {10.1016/0771-050X(80)90013-3},
	isbn = {0377-0427},
	journal = {Journal of Computational and Applied Mathematics},
	number = {1},
	pages = {19--26},
	title = {{A family of embedded Runge-Kutta formulae}},
	volume = {6},
	year = {1980}
}
@article{Han1983,
	author = {Han, T. Y. and Meng, J. C S and Innis, G. E.},
	doi = {10.1016/0021-9991(83)90127-4},
	issn = {10902716},
	journal = {Journal of Computational Physics},
	number = {2},
	pages = {276--297},
	title = {{An open boundary condition for incompressible stratified flows}},
	volume = {49},
	year = {1983}
}


@article{RIBEIRONETO2019,
title = "Influence of seabed proximity on the vibration responses of a pipeline accounting for fluid-structure interaction",
journal = "Mechanical Systems and Signal Processing",
volume = "114",
pages = "224 - 238",
year = "2019",
issn = "0888-3270",
doi = "https://doi.org/10.1016/j.ymssp.2018.05.017",
url = "http://www.sciencedirect.com/science/article/pii/S0888327018302693",
author = "H. {Ribeiro Neto} and A. Cavalini and J.M. Vedovoto and A. Silveira Neto and D.A. Rade",
keywords = "Fluid-structure-interaction, Vortex-induced-vibration, Timoshenko beam theory"
}

@MastersThesis{RIBEIRONETO2016,
	author = {Hélio {Ribeiro Neto}},
	title = {Modelagem matem{\'{a}}tica para a interação fluido--estrutura acoplando escoamentos incompress{\'{i}}veis e viga de Timoshenko},
	year = {2016},
	url = "https://repositorio.ufu.br/handle/123456789/21141",
	school = {Universidade Federal de Uberlandia - Faculdade de Engenharia Mecânica}
}

%%%%%%%%%%%%%%%%%%%%%%%%%%%%%%%%%%%%%%%%%%%%%%%%%%%%%%%%%%%%%%%%%%%%%%%%%%%%%%%%%%%%%%%%%%%%%%%%%%%%%%%%%%%%%%%%%%%%%%%%%%
%%%Fronteira imersa
% com malha adaptativa:

@inproceedings{Villar2014,
	author = {Villar, M. M. and Pivello, M. R. and Sene, R. and Silveira-Neto, A. and Roma, A. M.},
	title = {Numerical Simulation of Two-phase Flows Using A Hybrid Volume of Fluid and Immersed Boundary Method},
	booktitle    = {Blucher Mechanical Engineering Proceedings},
	year = {2014}
}

@article{Barbi2016,
	author = {Barbi, Franco and Gasche, Jos? Luiz and Neto, Aristeu da Silveira and Villar, Millena Martins and de Lima, Rafael Sene},
	doi = {10.1080/19942060.2016.1140076},
	issn = {1997003X},
	journal = {Engineering Applications of Computational Fluid Mechanics},
	keywords = {Compressor valve,Immersed boundary: adaptive refinement},
	number = {1},
	pages = {255--271},
	title = {{Numerical simulation of the flow through a compressor-valve model using an immersed-boundary method}},
	volume = {10},
	year = {2016}
}

@phdthesis{Degroote2010,
author = {Degroote, Joris},
file = {:media/helio/02bd89e2-2bb4-4933-8ae7-672a6eb82a94/Dropbox/artigos/DegrooteDissertation.pdf:pdf},
isbn = {9789085783442},
pages = {i--267},
school = {Ghent University},
title = {{Development of Algorithms for the Partitioned Simulation of Strongly Coupled Fluid-Structure Interaction Problems}},
year = {2010}
}


%%Malha adaptativa:
@PHDTHESIS{millena07,
  author = {Millena Villar},
  title = {An\'alise num\'erica detalhada de escoamentos multif\'asicos bidimensionais},
  school = {Universidade Federal de Uberl\^andia, Uberl\^andia},
  year = {2007},
}

%%Matricial:
@phdthesis{Alvarez2013,
address = {S\~{a}o Paulo},
author = {Alvarez, Catalina Maria Rua},
doi = {10.11606/T.45.2013.tde-07082013-112937},
month = {may},
school = {Universidade de S{\~{a}}o Paulo},
title = {{Simula{\c{c}}{\~{a}}o computacional adaptativa de escoamentos bif{\'{a}}sicos viscoel{\'{a}}sticos}},
url = {http://www.teses.usp.br/teses/disponiveis/45/45132/tde-07082013-112937/},
year = {2013}
}

@Misc{petsc-web-page,
Author = "Satish Balay and Shrirang Abhyankar and Mark~F. Adams and Jed Brown
and Peter Brune and Kris Buschelman and Lisandro Dalcin and Victor Eijkhout
and William~D. Gropp and Dinesh Kaushik and Matthew~G. Knepley and Dave~A. May
and Lois Curfman McInnes and Richard Tran Mills and Todd Munson and Karl Rupp
and Patrick Sanan and Barry~F. Smith and Stefano Zampini and Hong Zhang and Hong Zhang",
Title = "{PETS}c {W}eb page",
Note = "http://www.mcs.anl.gov/petsc",
Year = "2018"}


#################Gabriel########################
@book{Launder,
    author = {B. E. Launder and D. B. Spalding},
    title = {Lectures in Mathematical Models of Turbulence},
    publisher = {Academic Press},
    year = {1972}
}

@article{bradbury,
	title={The structure of a self-preserving turbulent plane jet},
	author={Bradbury, LJS},
	journal={Journal of Fluid Mechanics},
	volume={23},
	number={1},
	pages={31--64},
	year={1965},
	publisher={Cambridge University Press}
}

@article{mansour1988reynolds,
	title={Reynolds-stress and dissipation-rate budgets in a turbulent channel flow},
	author={Mansour, N Nd and Kim, John and Moin, Parviz},
	journal={Journal of Fluid Mechanics},
	volume={194},
	pages={15--44},
	year={1988},
	publisher={Cambridge University Press}
}

@article{heskestad,
	title={Hot-wire measurements in a plane turbulent jet},
	author={Heskestad, Gunnar},
	journal={J. Appl. Mech},
	volume={32},
	number={4},
	pages={721},
	year={1965}
}

@article{zijnen,
	title={Measurements of the velocity distribution in a plane turbulent jet of air},
	author={Van der Hegge Zijnen, BG},
	journal={Applied Scientific Research},
	volume={7},
	number={4},
	pages={256--276},
	year={1958},
	publisher={Springer}
}

@article{wilson1971renormalization,
  title={Renormalization group and critical phenomena. II. Phase-space cell analysis of critical behavior},
  author={Wilson, Kenneth G},
  journal={Physical Review B},
  volume={4},
  number={9},
  pages={3184},
  year={1971},
  publisher={APS}
}

@book{wilcox,
	title={Turbulence modeling for CFD},
	author={Wilcox, David C and others},
	volume={2},
	year={1998},
	publisher={DCW industries La Canada, CA}
}

@article{shih1995new,
  title={A new Reynolds stress algebraic equation model},
  author={Shih, Tsan-Hsing and Zhu, Jiang and Lumley, John L},
  journal={Computer methods in applied mechanics and engineering},
  volume={125},
  number={1-4},
  pages={287--302},
  year={1995},
  publisher={Elsevier}
}

@article{wilson1971renormalization1,
  title={Renormalization group and critical phenomena. I. Renormalization group and the Kadanoff scaling picture},
  author={Wilson, Kenneth G},
  journal={Physical review B},
  volume={4},
  number={9},
  pages={3174},
  year={1971},
  publisher={APS}
}

@article{degregori2010introduccao,
  title={Introdu{\c{c}}{\~a}o ao grupo de renormaliza{\c{c}}{\~a}o},
  author={Degregori, Deancarlo Bordin},
  year={2010}
}

@article{Yakhot,
    author = {Yakhot, V. and Orszag, S. A.},
    title = {Renormalization Group analysis of turbulence: 1. Basic theory},
    journal = {Journal of Scientific Computing},
    year = {1986},
    pages = {3--51},
}

@book{Mohammadi,
  title={Analysis of the K-Epsilon turbulence model},
  author={Mohammadi, B. and Pironneau, O.},
  lccn={94219902},
  series={Recherches en math{\'e}matiques appliqu{\'e}es},
  year={1994},
  publisher={Wiley}
}

@article{Hussein,
	author = {Hussein, H. J. and Capp, S. P. and George, W. K.},
	title = {Velocity measurements in a high-Reynolds number, momentum-conserving, axisymmetric, turbulent jet},
	journal = {Journal of Fluid Mechanics},
	year = {1994},
	pages = {31--75},
}

@ARTICLE{Orszag,
	author = {Orszag, S. A. and Patterson, G. S.},
	title = {Numerical simulation of turbulence: statistical models and turbulence},
	journal = {Lecture Notes in Physics},
	year = {1972},
	volume = {12},
	url = {https://doi.org/10.1007/3-540-05716-1_8},
	pages = {127 - 147}
}

@ARTICLE{Deardorff,
	author = {Deardorff, J. W.},
	title = {A numerical study of three-dimensional turbulent channel flow at large Reynolds numbers},
	journal = {J. Fluid Mech.},
	year = {1970},
	volume = {41},
	url = {https://doi.org/10.1017/S0022112070000691},
	pages = {453}
}

@BOOK{Launder,
	title = {Mathematical {M}odels of {T}urbulence},
	publisher = {Academic Press},
	year = {1972},
	author = {Launder, B. E. and Spalding, D. B.},
	address = {London, Inglaterra}
}

@article{Smagorinsky_1963,
	title={General circulation experiments with the primitive equations},
	volume={91},
	number={3},
	journal={Monthly Weather Review},
	publisher={American Meteorological Society},
	author={Smagorinsky, J},
	year={1963},
	pages={99-164}
}

@ARTICLE{Piomelli,
	author = {Piomelli, U.},
	title = {High Reynolds number calculations using the dynamic subgrid scale stress model},
	journal = {Physics of Fluids A: Fluid Dynamics},
	year = {1993},
	volume = {5},
	url = {https://doi.org/10.1063/1.858586},
	pages = {1484 - 1490}
}

@article{Germano1991,
	author = {Germano, Massimo and Piomelli, Ugo and Moin, Parviz and Cabot, William H.},
	url = "http://dx.doi.org/10.1016/10.1063/1.857955",
	file = {:D$\backslash$:/papers/turbulence/GERMANO - A dynamic subgrid-scale eddy viscosity model.pdf:pdf},
	issn = {08998213},
	journal = {Physics of Fluids A: Fluid Dynamics},
	number = {7},
	pages = {1760},
	title = {{A dynamic subgrid-scale eddy viscosity model}},
	volume = {3},
	year = {1991}
}

@report{ndp_usp,
	author = {Meneghini, J.R. et al.},
	title = {Análise de VIV em Risers Lisos e com Strakes utilizando Anflex-MVD-Bootstrapping},
	type = {Relatório Técnico Final},
	institution = {Núcleo de Dinâmica dos Fluidos, USP},
	year = {2017}
}

@article{RB-VMS,
	author = {Lins, Erb and Elias, Renato and Guerra, Gabriel and Rochinha, Fernando and Coutinho, Alvaro},
	year = {2009},
	month = {09},
	pages = {1 - 22},
	title = {Edge‐based finite element implementation of the residual‐based variational multiscale method},
	volume = {61},
	journal = {International Journal for Numerical Methods in Fluids},
	doi = {10.1002/fld.1941}
}

@article{matplotlib,
  Author    = {Hunter, J. D.},
  Title     = {Matplotlib: A 2D graphics environment},
  Journal   = {Computing in Science \& Engineering},
  Volume    = {9},
  Number    = {3},
  Pages     = {90--95},
  abstract  = {Matplotlib is a 2D graphics package used for Python for
  application development, interactive scripting, and publication-quality
  image generation across user interfaces and operating systems.},
  publisher = {IEEE COMPUTER SOC},
  doi       = {10.1109/MCSE.2007.55},
  year      = 2007
}

@inproceedings{VANBEERSKLEIJNEN2004,
title = "Kriging interpolation in simulation: A survey",
author = {W. C. M. {VAN BEERS} and J. P. C. { KLEIJNEN}},
year = "2004",
language = "English",
doi={10.1109/WSC.2004.1371308},
pages = "113--121",
editor = "R.G. Ingalls and M.D. Rossetti and J.S. Smith and B.A. Peter",
booktitle = "Proceedings of the 2004 Winter Simulation Conference",
publisher = "IEEE"
}

@article{MENDONCA2016,
title = "Aplicação de Redes Neurais Artificiais na Otimização de Placas Laminadas",
author = "Mendon{\c c}a, J.A. F. and  Parente Jr., E. and Melo, A. M. C and Barroso, E. S.; Paiva, A. C.",
year = "2016",
journal={Revista Interdisciplinar de Pesquisa em  Engenharia - Ripe}}

@MastersThesis{VILLAR2016,
title = "Metamodelagem Kriging e sua Aplicação na Otimiza{\c c}{\~a}o de uma Unidade de Separa{\c c}{\~a}o de Propeno por Destila{\c c}{\~a}o",
author = {Villar, S. B. B. L},
year = "2016",
journal={Revista Interdisciplinar de Pesquisa em  Engenharia - Ripe},
school = {Universidade Federal de Campina Grande - Pós Graduação em Engenharia Química}}

@Article{Simpson2001,
author="Simpson, T.W.
and Poplinski, J.D.
and Koch, P. N.
and Allen, J.K.",
title="Metamodels for Computer-based Engineering Design: Survey and recommendations",
journal="Engineering with Computers",
year="2001",
month="Jul",
day="01",
volume="17",
number="2",
pages="129--150"}

@article{Rueda2019,
title = "HyCReWW: A Hybrid Coral Reef Wave and Water level metamodel",
journal = "Computers \& Geosciences",
volume = "127",
pages = "85 - 90",
year = "2019",
issn = "0098-3004",
doi = "https://doi.org/10.1016/j.cageo.2019.03.004",
url = "http://www.sciencedirect.com/science/article/pii/S0098300418301869",
author = "Ana Rueda and Laura Cagigal and Stuart Pearson and Jose A.A. Antol\'inez and Curt Storlazzi and Ap van Dongeren and Paula Camus and Fernando J. Mendez"}

@Article{YIN2018,
author="Yin, Hanfeng
and Fang, Hongbing
and Wen, Guilin
and Gutowski, Matthew
and Xiao, Youye",
title="On the ensemble of metamodels with multiple regional optimized weight factors",
journal="Structural and Multidisciplinary Optimization",
year="2018",
month="Jul",
day="01",
volume="58",
number="1",
pages="245--263",
issn="1615-1488",
doi="10.1007/s00158-017-1891-1",
url="https://doi.org/10.1007/s00158-017-1891-1"}

@article{NAZERIAN2018,
   title = "Comparison of response surface methodology (RSM) and artificial neural networks (ANN) towards efficient optimization of flexural properties of gypsum-bonded fiberboards",
   journal = {{CERNE}},
   author={Nazerian, Morteza AND Kamyabb, Meysam AND Shamsianb, Mohammad AND Dahmardehb, Mohammad AND Kooshaa, Mojtaba},
   ISSN = {0104-7760},
   language = {en},
   URL = {http://www.scielo.br/scielo.php?script=sci_arttext&pid=S0104-77602018000100035&nrm=iso},
   volume = {24},
   year = {2018},
   month = {03},
   pages = {35 - 47},
   publisher = {scielo}}

@article{SANTOS2013,
   title = {{ Redes neurais artificiais aplicadas em simulação num\'erica do acoplamento poço-reservat\'orio}},
   author={SANTOS, T. D. and  DEVLOO, P. R. B. and FERNANDES, P. D.},
   year = {2013}
   }

@phdthesis{LIRAJr2012,
  title={Otimizaç{\~a}o com modelos substitutos considerando incertezas em reservat{\'o}rios de petr{\'o}leo},
  author= {LIRA{ JUNIOR}, J. D.},
  school = {Universidade Federal de Pernambuco - P{\'o}s Graduação em Engenharia Civil},
  year={2012}
}

@article{friedman1991,
author = "Friedman, Jerome H.",
doi = "10.1214/aos/1176347963",
fjournal = "The Annals of Statistics",
journal = "Ann. Statist.",
month = "03",
number = "1",
pages = "1--67",
publisher = "The Institute of Mathematical Statistics",
title = "Multivariate Adaptive Regression Splines",
url = "https://doi.org/10.1214/aos/1176347963",
volume = "19",
year = "1991"
}

@article{Erickson2018,
title = "Comparison of Gaussian process modeling software",
author = "Erickson, {Collin B.} and Ankenman, {Bruce E} and Sanchez, {Susan M.}",
year = "2018",
month = "4",
day = "1",
doi = "10.1016/j.ejor.2017.10.002",
language = "English (US)",
volume = "266",
pages = "179--192",
journal = "European Journal of Operational Research",
issn = "0377-2217",
publisher = "Elsevier",
number = "1",
}

@book{KLEIJNEN2015,
title = "Design and Analysis of Simulation Experiments",
author = "Kleijnen, {Jack P.C.}",
year = "2015",
doi = "10.1007/978-3-319-18087-8",
language = "English",
isbn = "978-3-319-18086-1",
series = "International Series in Operations Research \& amp; Management Science",
publisher = "Springer Verlag",
address = "Germany",
edition = "2nd",
}

@article{HWANG2018,
title = "A fast-prediction surrogate model for large datasets",
journal = "Aerospace Science and Technology",
volume = "75",
pages = "74 - 87",
year = "2018",
issn = "1270-9638",
doi = "https://doi.org/10.1016/j.ast.2017.12.030",
url = "http://www.sciencedirect.com/science/article/pii/S1270963817309240",
author = "John T. Hwang and Joaquim R.R.A. Martins"}

@phdthesis{PINA2010,
  title={A; Metodologias de An{\'a}lise, S{\'\i}ntese e Otimiza{\c{c}}{\~a}o de Sistemas para Produ{\c{c}}{\~a}o de Petr{\'o}leo Offshore Atrav{\'e}s de Metamodelos e Enxame de Part{\'\i}culas},
  author={Pina, A},
  year={2010},
  school={COPPE/UFRJ, Rio de Janeiro, RJ, Brasil}}

@article{VarunAryaPrakash2018,
title = "Surface Response as Surrogate Modeling Tool",
journal = "International Journal of Engineering Science Invention (IJESI)",
volume = "7",
pages = "52 - 63",
year = "2018",
issn = "2319 – 6734",
author = {Varun and Arya, A. and Satya, P.}}

@article{VenterHaftkaStarnes1996,
  title={Construction of response surfaces for design optimization applications},
  author={Gerhard Venter and Raphael Haftka and James Starnes, Jr.},
  year={1996},
  publisher={The American Institute of Aeronautics and Astronautics (AIAA)},
 doi ="https://doi.org/10.2514/6.1996-4040"}

@Article{Gogu2013,
author="Gogu, Christian
and Passieux, Jean-Charles",
title="Efficient surrogate construction by combining response surface methodology and reduced order modeling",
journal="Structural and Multidisciplinary Optimization",
year="2013",
month="Jun",
day="01",
volume="47",
number="6",
pages="821--837",
issn="1615-1488",
doi="10.1007/s00158-012-0859-4",
url="https://doi.org/10.1007/s00158-012-0859-4"}

@inproceedings{Krige1951,
  title={A statistical approach to some basic mine valuation problems on the Witwatersrand},
  author={D. G. Krige},
  year={1951}
}

@inproceedings{Matheron1963,
  title={Principles of geostatistics},
  author={G. Matheron},
  year={1963}
}

@article{CARVALHO2017,
title = "Estimating gasoline performance in internal combustion engines with simulation metamodels",
journal = "Fuel",
volume = "193",
pages = "230 - 240",
year = "2017",
issn = "0016-2361",
doi = "https://doi.org/10.1016/j.fuel.2016.12.057",
url = "http://www.sciencedirect.com/science/article/pii/S0016236116312790",
author = "Carvalho, R. N. and  Machado, G. B. and Cola{\c c}o, M. J."}

@article{MARINONI2003,
title = "Improving geological models using a combined ordinary–indicator kriging approach",
journal = "Engineering Geology",
volume = "69",
number = "1",
pages = "37 - 45",
year = "2003",
issn = "0013-7952",
doi = "https://doi.org/10.1016/S0013-7952(02)00246-6",
url = "http://www.sciencedirect.com/science/article/pii/S0013795202002466",
author = "O. Marinoni"}

@book{olea1991,
  title={Geostatistical glossary and multilingual dictionary},
  author={Olea, Ricardo A},
  number={3},
  year={1991},
  publisher={Oxford University Press on Demand}
}

@Article{Srivastava2004,
author="Srivastava, A.
and Hacker, K.
and Lewis, K.
and Simpson, T.W.",
title="A method for using legacy data for metamodel-based design of large-scale systems",
journal="Structural and Multidisciplinary Optimization",
year="2004",
month="Sep",
day="01",
volume="28",
number="2",
pages="146--155",
issn="1615-1488",
doi="10.1007/s00158-004-0438-4",
url="https://doi.org/10.1007/s00158-004-0438-4"
}

@article{SAKATA2003,
title = "Structural optimization using Kriging approximation",
journal = "Computer Methods in Applied Mechanics and Engineering",
volume = "192",
number = "7",
pages = "923 - 939",
year = "2003",
issn = "0045-7825",
doi = "https://doi.org/10.1016/S0045-7825(02)00617-5",
url = "http://www.sciencedirect.com/science/article/pii/S0045782502006175",
author = "S. Sakata and F. Ashida and M. Zako"}

@Article{Luo2014,
author="Luo, Jiannan
and Lu, Wenxi",
title="Comparison of surrogate models with different methods in groundwater remediation process",
journal="Journal of Earth System Science",
year="2014",
month="Oct",
day="01",
volume="123",
number="7",
pages="1579--1589",
issn="0973-774X",
doi="10.1007/s12040-014-0494-0",
url="https://doi.org/10.1007/s12040-014-0494-0"
}

@article{ZHAO2011,
author = {Zhao, Liang and Choi, K. K. and Lee, Ikjin},
title = {Metamodeling Method Using Dynamic Kriging for Design Optimization},
journal = {AIAA Journal},
volume = {49},
number = {9},
pages = {2034-2046},
year = {2011},
doi = {10.2514/1.J051017},

URL = { 
        https://doi.org/10.2514/1.J051017
    
},
eprint = { 
        https://doi.org/10.2514/1.J051017}}
@article{ULAGANATHAN2015,
title = "A Matlab Toolbox for Kriging Metamodelling",
journal = "Procedia Computer Science",
volume = "51",
pages = "2708 - 2713",
year = "2015",
note = "International Conference On Computational Science, ICCS 2015",
issn = "1877-0509",
doi = "https://doi.org/10.1016/j.procs.2015.05.395",
url = "http://www.sciencedirect.com/science/article/pii/S187705091501203X",
author = "Selvakumar Ulaganathan and Ivo Couckuyt and Dirk Deschrijver and Eric Laermans and Tom Dhaene"}

@article{ROCHA2012,
   title = {{Studying the influence of a secondary variable in Collocated Cokriging estimates}},
   journal = {{Anais da Academia Brasileira de Ci{\^e}ncias}},
   author={Rocha, Marcelo M. AND Yamamoto, Jorge K. AND Watanabe, Jorge AND Fonseca, Priscilla P.},
   ISSN = {0001-3765},
   language = {pt},
   URL = {http://www.scielo.br/scielo.php?script=sci_arttext&pid=S0001-37652012000200008&nrm=iso},
   volume = {84},
   year = {2012},
   month = {06},
   pages = {335 - 346},
   publisher = {scielo}}

@phdthesis{righetto2013,
  title={Avalia{\c{c}}{\~a}o de modelos geoestat{\'\i}sticos multivariados},
  year = "2013",
  author={Righetto, Ana Julia},
  school={Universidade de S{\~a}o Paulo}
}

@article{KNOTTERS1995,
title = "A comparison of kriging, co-kriging and kriging combined with regression for spatial interpolation of horizon depth with censored observations",
journal = "Geoderma",
volume = "67",
number = "3",
pages = "227 - 246",
year = "1995",
issn = "0016-7061",
doi = "https://doi.org/10.1016/0016-7061(95)00011-C",
url = "http://www.sciencedirect.com/science/article/pii/001670619500011C",
author = "M. Knotters and D.J. Brus and J.H. Oude Voshaar"}

@article{ASA2012,
author = {Eric Asa and Mohamed Saafi and Joseph Membah and Arun Billa },
title = {Comparison of Linear and Nonlinear Kriging Methods for Characterization and Interpolation of Soil Data},
journal = {Journal of Computing in Civil Engineering},
volume = {26},
number = {1},
pages = {11-18},
year = {2012},
doi = {10.1061/(ASCE)CP.1943-5487.0000118}}

@article{ahmed2001,
  title={Simulating and assessing salinisation in the lower Namoi valley},
  author={Ahmed, Mohammad Faruque},
  year={2001},
  publisher={University of Sydney. Land Water and Crop Sciences}
}

@inproceedings{Dance2018,
  title={A comparison of linear and non-linear kriging techniques for predicting the probability of exceeding a threshold value},
  author={Timothy Dance},
  year={2018}
}

@article{Angelico2006,
  title={Desempenho da co-krigagem na determinaç{\~a}o da variabilidade de atributos do solo},
  author={Jo{\~a}o Carlos Angelico},
  year={2006}}

@article{hard1971,
author = {Hardy, Rolland L.},
title = {Multiquadric equations of topography and other irregular surfaces},
journal = {Journal of Geophysical Research (1896-1977)},
volume = {76},
number = {8},
pages = {1905-1915},
keywords = {General: Mathematics, Geomorphology: Theoretical Studies},
doi = {10.1029/JB076i008p01905},
url = {https://agupubs.onlinelibrary.wiley.com/doi/abs/10.1029/JB076i008p01905},
eprint = {https://agupubs.onlinelibrary.wiley.com/doi/pdf/10.1029/JB076i008p01905},
year = {1971}
}

@article{QUEIPO2005,
title = "Surrogate-based analysis and optimization",
journal = "Progress in Aerospace Sciences",
volume = "41",
number = "1",
pages = "1 - 28",
year = "2005",
issn = "0376-0421",
doi = "https://doi.org/10.1016/j.paerosci.2005.02.001",
url = "http://www.sciencedirect.com/science/article/pii/S0376042105000102",
author = "Nestor V. Queipo and Raphael T. Haftka and Wei Shyy and Tushar Goel and Rajkumar Vaidyanathan and P. Kevin Tucker"}

@article{sun2017,
  title={LIF: A new Kriging based learning function and its application to structural reliability analysis},
  author={Sun, Zhili and Wang, Jian and Li, Rui and Tong, Cao},
  journal={Reliability Engineering \& System Safety},
  volume={157},
  pages={152--165},
  year={2017},
  publisher={Elsevier}}

@article{backlund2010,
  title={Metamodeling techniques for multidimensional ship design problems},
  author={Backlund, Peter B and Shahan, David and Seepersad, Carolyn Conner},
  journal={Ship Science and Technology},
  volume={4},
  number={7},
  pages={43--54},
  year={2010}}

@article{ZHOU2013,
author = {Zhou, LinRen and Yan, GuiRong and Ou, JinPing},
title = {Response Surface Method Based on Radial Basis Functions for Modeling Large-Scale Structures in Model Updating},
journal = {Computer-Aided Civil and Infrastructure Engineering},
volume = {28},
number = {3},
pages = {210-226},
doi = {10.1111/j.1467-8667.2012.00803.x},
url = {https://onlinelibrary.wiley.com/doi/abs/10.1111/j.1467-8667.2012.00803.x},
eprint = {https://onlinelibrary.wiley.com/doi/pdf/10.1111/j.1467-8667.2012.00803.x},
year = {2013}}

@article{silva2011,
  title={T{\'e}cnicas de Metamodelagem Aplicadas {\`a} Otimiza{\c{c}}{\~a}o de Turbom{\'a}quinas.},
  author={Silva, Edna Raimunda},
  year={2011}}

@phdthesis{borges2008,
  title={Contribui{\c{c}}{\~a}o ao estudo dos absorvedores din{\^a}micos de vibra{\c{c}}{\~o}es n{\~a}o-lineares},
  author={Borges, Romes Antonio},
  year={2008},
  type = {Tese de Doutorado},
  school={Universidade Federal de Uberl{\^a}ndia},
  adress={Universidade Federal de Uberl{\^a}ndia, Uberl{\^a}ndia, MG}}

@MastersThesis{costa2016,
  title={Avalia{\c{c}}{\~a}o num{\'e}rica e computacional do efeito de incertezas inerentes a sistemas mec{\^a}nicos},
  author={Costa, Tatiane Nunes},
  year={2016},
  school={Universidade Federal de Goi{\'a}s},
  adress={Universidade Federal de Goi{\'a}s,Catal{\^a}o, GO}}

@phdthesis{lima2011,
  title={An{\'a}lise de vibra{\c{c}}{\~o}es estoc{\'a}sticas em sistemas mec{\^a}nicos},
  author={Lima, R and SAMPAIO, R},
  year={2011},
  school={Universidade PUC-Rio, Rio de Janeiro}}

@MastersThesis{queiroz2017,
  title={Abordagem estoc{\'a}stica de m{\'a}quinas rotativas utilizando os m{\'e}todos hipercubo latino e caos polinomial},
  author={Queiroz, Layane Rodrigues de Souza},
  year={2017},
  school={Universidade Federal de Goi{\'a}s},
 adress={Universidade Federal de Goi{\'a}s,Catal{\^a}o, GO}}

@Inbook{Pilger2005,
author="Pilger, Gustavo G.
and Costa, Joao Felipe C. L.
and Koppe, Jair C.",
editor="Leuangthong, Oy
and Deutsch, Clayton V.",
title="Improving the Efficiency of the Sequential Simulation Algorithm using Latin Hypercube Sampling",
bookTitle="Geostatistics Banff 2004",
year="2005",
publisher="Springer Netherlands",
address="Dordrecht",
pages="989--998",
isbn="978-1-4020-3610-1",
doi="10.1007/978-1-4020-3610-1_103",
url="https://doi.org/10.1007/978-1-4020-3610-1_103"
}

@article{BOUHLEL2019,
title = "A Python surrogate modeling framework with derivatives",
journal = "Advances in Engineering Software",
volume = "135",
pages = "102662",
year = "2019",
issn = "0965-9978",
doi = "https://doi.org/10.1016/j.advengsoft.2019.03.005",
url = "http://www.sciencedirect.com/science/article/pii/S0965997818309360",
author = "Mohamed Amine Bouhlel and John T. Hwang and Nathalie Bartoli and Rémi Lafage and Joseph Morlier and Joaquim R.R.A. Martins"}


@MastersThesis{SICCHIERI2019,
  title={Metamodelagem Kriging Aplicada em Modelos de Mancais Hidrodin{\^a}micos},
  author={Sicchieri, L. C.},
  year={2019},
  pages = "115",
  school={Universidade Federal de Uberl{\^a}ndia},
  adress={Universidade Federal de Uberl{\^a}ndia, Uberl{\^a}ndia, MG}}

@article{viana2009,
  title={Multiple surrogates: how cross-validation errors can help us to obtain the best predictor},
  author={Viana, Felipe AC and Haftka, Raphael T and Steffen, Valder},
  journal={Structural and Multidisciplinary Optimization},
  volume={39},
  number={4},
  pages={439--457},
  year={2009},
  publisher={Springer}
}

@book{myers2016,
  title={Response surface methodology: process and product optimization using designed experiments},
  author={Myers, Raymond H and Montgomery, Douglas C and Anderson-Cook, Christine M},
  year={2016},
  publisher={John Wiley \& Sons}
}

@article{ma2008,
  title={Using radial basis function neural networks to calibrate water quality model},
  author={Ma, Lihui and Xin, Kunlun and Liu, Suiqing},
  journal={World Academy of Science, Engineering and Technology},
  volume={38},
  pages={385--393},
  year={2008}
}

@article{sampaio2009,
  title={Ajuste de hist{\'o}rico de produ{\c{c}}{\~a}o usando Redes Neurais Artificiais},
  author={Sampaio, Tiago Pitchon},
  year={2009},
  publisher={Universidade Federal do Rio de Janeiro}
}

@book{braga2007,
  title={Redes neurais artificiais: teoria e aplica{\c{c}}{\~o}es},
  author={de P{\'a}dua Braga, Ant{\^o}nio and de Leon Ferreira, Andr{\'e} Carlos Ponce and Ludermir, Teresa Bernarda},
  year={2007},
  publisher={LTC Editora Rio de Janeiro, Brazil:}
}

@article{fonseca2017,
  title={Algoritmo gen{\'e}tico com regress{\~a}o: busca direcionada atrav{\'e}s de aprendizado de m{\'a}quina},
  author={Fonseca, Tales Lima},
  year={2017},
  publisher={Universidade Federal de Juiz de Fora (UFJF)}
}

@article{viana2008,
  title={Surrogate modeling techniques and heuristic optimization methods applied to design and identification problems},
  author={Viana, Felipe Antonio Chegury and others},
  year={2008},
  publisher={Universidade Federal de Uberl{\^a}ndia}
}

@phdthesis{fonseca2009,
  title={Algoritmos gen{\'e}ticos assistidos por metamodelos baseados em similaridade},
  author={Fonseca, L. G.},
  year={2009},
  school={PhD thesis, LNCC/Modelagem Computacional}
}

@article{noronha2016,
  title={Modelo de Krigagem para confiabilidade},
  author={Noronha, Gustavo Dela Bruna},
  year={2016},
  publisher={Florian{\'o}polis, SC}
}

@article{martin2005,
  title={Use of kriging models to approximate deterministic computer models},
  author={Martin, Jay D and Simpson, Timothy W},
  journal={AIAA journal},
  volume={43},
  number={4},
  pages={853--863},
  year={2005}
}

@inproceedings{xiaobo2017,
  title={Comparison of response surface method and Kriging method for approximation modeling},
  author={Xiaobo, Zhang},
  booktitle={2017 2nd International Conference on Power and Renewable Energy (ICPRE)},
  pages={66--70},
  year={2017},
  organization={IEEE}
}

@book{lophaven2002,
  title={Aspects of the matlab toolbox DACE},
  author={Lophaven, S{\o}ren Nymand and Nielsen, Hans Bruun and S{\o}ndergaard, Jacob},
  year={2002},
  publisher={Citeseer}
}

@incollection{powell1994,
  title={A direct search optimization method that models the objective and constraint functions by linear interpolation},
  author={Powell, Michael JD},
  booktitle={Advances in optimization and numerical analysis},
  pages={51--67},
  year={1994},
  publisher={Springer}
}

@article{YONDO,
  title={A 2D NUMERICAL STUDY OF THE INFLUENCE OF A PRIORI SAMPLING METHODS ON SURROGATE MODELS ACCURACY IN AIRCRAFT AERODYNAMIC DESIGN OPTIMIZATION},
  author={ Yondo, R. and Andres,  E. and Valero,  E.},
year={2016}}

@inproceedings{Dubourg2011,
  title={M{\'e}ta-mod{\`e}les adaptatifs pour l'analyse de fiabilit{\'e} et l'optimisation sous contrainte fiabiliste},
  author={Vincent Dubourg},
  year={2011}
}

@inproceedings{viana2010not,
  title={Why not run the efficient global optimization algorithm with multiple surrogates?},
  author={Viana, Felipe and Haftka, Raphael and Watson, Layne},
  booktitle={51st AIAA/ASME/ASCE/AHS/ASC Structures, Structural Dynamics, and Materials Conference 18th AIAA/ASME/AHS Adaptive Structures Conference 12th},
  pages={3090},
  year={2010}
}

@article{lataniotis2017,
  title={The Gaussian process modelling module in UQLab},
  author={Lataniotis, Christos and Marelli, Stefano and Sudret, Bruno},
  journal={arXiv preprint arXiv:1709.09382},
  year={2017}
}
@online{cetax,
	author = {Sara Filipa},
	title = {Compreendendo LSTM Networks},
	date = {date},
	url = {https://www.cetax.com.br/blog/compreendendo-lstm-networks/},
	year = {2015},
	urlaccessdate = {1 de Novembro de 2019},
}

@article{Hochreiter,
	author = {Hochreiter, Sepp and Schmidhuber, Jürgen},
	year = {1997},
	month = {12},
	pages = {1735-80},
	title = {Long Short-term Memory},
	volume = {9},
	journal = {Neural computation},
	doi = {10.1162/neco.1997.9.8.1735}
}

@online{DSA,
		author = {{Data Science Academy}},
		title = {Deep Learning Book},
		url = {http://www.deeplearningbook.com.br/},
		year = {2019},
		urlaccessdate = {1 de Novembro de 2019},
}

@article{Greff,
	title = {LSTM: A Search Space Odyssey.},
	added-at = {2018-05-23T21:20:42.000+0200},
	author = {Greff, Klaus and Srivastava, Rupesh Kumar and Koutník, Jan and Steunebrink, Bas R. and Schmidhuber, Jürgen},
	biburl = {https://www.bibsonomy.org/bibtex/23be3021a2dc9fcffa1b5e5e69b4d5cfe/dallmann},
	ee = {http://arxiv.org/abs/1503.04069},
	interhash = {68644741a66e3fa841b62bb4e637f4c7},
	intrahash = {3be3021a2dc9fcffa1b5e5e69b4d5cfe},
	journal = {CoRR},
	keywords = {deep_learning lstm mlnlp rnn},
	timestamp = {2018-05-23T21:20:42.000+0200},
	url = {http://dblp.uni-trier.de/db/journals/corr/corr1503.html#GreffSKSS15},
	volume = {abs/1503.04069},
	year = 2015
}

@article{ElSaid,
	title = "Optimizing long short-term memory recurrent neural networks using ant colony optimization to predict turbine engine vibration",
	journal = "Applied Soft Computing",
	volume = "73",
	pages = "969 - 991",
	year = "2018",
	issn = "1568-4946",
	doi = "https://doi.org/10.1016/j.asoc.2018.09.013",
	url = "http://www.sciencedirect.com/science/article/pii/S1568494618305301",
	author = "AbdElRahman ElSaid and Fatima El Jamiy and James Higgins and Brandon Wild and Travis Desell",
}

@article{driest,
	title = "On turbulent flow near a wall",
	journal = "J. Aeronaut. Sci.",
	volume = "23",
	pages = "1007-1011",
	year = "1956",
	author = "E. R. Van Driest"
}

@article{gmsh,
  added-at = {2011-02-22T12:29:36.000+0100},
  author = {Geuzaine, Christophe and Remacle, Jean-Fran{\c c}ois},
  biburl = {https://www.bibsonomy.org/bibtex/2cd9b8cbc87f92553a25d441d517c7bcd/toevanen},
  interhash = {809553a2dcc2cd428ed154265bd9d7bb},
  intrahash = {cd9b8cbc87f92553a25d441d517c7bcd},
  issue = {11},
  journal = {International Journal for Numerical Methods in Engineering},
  keywords = {mesh_generation software},
  pages = {1309 -- 1331},
  timestamp = {2011-02-22T12:29:36.000+0100},
  title = {Gmsh: {A 3-D} finite element mesh generator with built-in pre- and post-processing facilities},
  volume = 79,
  year = 2009
}


@online{cetax,
	author = {Sara Filipa},
	title = {Compreendendo LSTM Networks},
	date = {date},
	url = {https://www.cetax.com.br/blog/compreendendo-lstm-networks/},
	year = {2015},
	urlaccessdate = {1 de Novembro de 2019},
}

@article{Hochreiter,
	author = {Hochreiter, Sepp and Schmidhuber, Jürgen},
	year = {1997},
	month = {12},
	pages = {1735-80},
	title = {Long Short-term Memory},
	volume = {9},
	journal = {Neural computation},
	doi = {10.1162/neco.1997.9.8.1735}
}

@online{DSA,
	author = {{Data Science Academy}},
	title = {Deep Learning Book},
	url = {http://www.deeplearningbook.com.br/},
	year = {2019},
	urlaccessdate = {1 de Novembro de 2019},
}

@article{Greff,
	title = {LSTM: A Search Space Odyssey.},
	added-at = {2018-05-23T21:20:42.000+0200},
	author = {Greff, Klaus and Srivastava, Rupesh Kumar and Koutník, Jan and Steunebrink, Bas R. and Schmidhuber, Jürgen},
	biburl = {https://www.bibsonomy.org/bibtex/23be3021a2dc9fcffa1b5e5e69b4d5cfe/dallmann},
	ee = {http://arxiv.org/abs/1503.04069},
	interhash = {68644741a66e3fa841b62bb4e637f4c7},
	intrahash = {3be3021a2dc9fcffa1b5e5e69b4d5cfe},
	journal = {CoRR},
	keywords = {deep_learning lstm mlnlp rnn},
	timestamp = {2018-05-23T21:20:42.000+0200},
	url = {http://dblp.uni-trier.de/db/journals/corr/corr1503.html#GreffSKSS15},
	volume = {abs/1503.04069},
	year = 2015
}

@article{ElSaid,
	title = "Optimizing long short-term memory recurrent neural networks using ant colony optimization to predict turbine engine vibration",
	journal = "Applied Soft Computing",
	volume = "73",
	pages = "969 - 991",
	year = "2018",
	issn = "1568-4946",
	doi = "https://doi.org/10.1016/j.asoc.2018.09.013",
	url = "http://www.sciencedirect.com/science/article/pii/S1568494618305301",
	author = "AbdElRahman ElSaid and Fatima El Jamiy and James Higgins and Brandon Wild and Travis Desell",
}

@book{Grave,
	title = "Supervised Sequence Labelling with Recurrent Neural Networks",
	year = "2012",
	issn = "1860-949X",
	doi = "10.1007/978-3-642-24797-2",
	author = "Alex Graves",
	publisher= "Springer-Verlag Berlin Heidelberg",
	number = 1,
}


@article{Cui,
	title = "Continuous Online Sequence Learning with an Unsupervised Neural Network Model",
	journal = "Neural Computation",
	volume = "28",
	pages = "2474–2504",
	year = "2016",
	doi = "10.1162/NECO_a_00893",
	author = "Yuwei Cui and Subutai Ahmad and Jeff Hawkins",
}


@misc{Numenta,
	author = {{Numenta, Inc.}},
	title = {Hierarchical Temporal Memory Including HTM Cortical Learning Algorithm},
	date = {12},
	version = {0.2.1},
	organization = {Numenta, Inc.},
	month = {September},
	year = {2011},
	url = {https://numenta.org/resources/HTM_CorticalLearningAlgorithms.pdf},
}

@book{intelligence,
	title={On Intelligence},
	author={Hawkins, J. and Blakeslee, S.},
	isbn={9780805074567},
	lccn={2004051640},
	url={https://books.google.com.br/books?id=xTD4LqJT0ggC},
	year={2004},
	publisher={Henry Holt and Company}
}


@misc{James,
	title={A Mathematical Formalization of Hierarchical Temporal Memory's Spatial Pooler},
	author={James Mnatzaganian and Ernest Fokoué and Dhireesha Kudithipudi},
	year={2016},
	eprint={1601.06116},
	archivePrefix={arXiv},
	primaryClass={stat.ML}
}

@article{ZHAO201651,
	title = "A Kriging surrogate model coupled in simulation–optimization approach for identifying release history of groundwater sources",
	journal = "Journal of Contaminant Hydrology",
	volume = "185-186",
	pages = "51 - 60",
	year = "2016",
	issn = "0169-7722",
	doi = "https://doi.org/10.1016/j.jconhyd.2016.01.004",
	url = "http://www.sciencedirect.com/science/article/pii/S0169772216300043",
	author = "Ying Zhao and Wenxi Lu and Chuanning Xiao",
	keywords = "Source identification, Groundwater pollution, Surrogate model",
	abstract = "As the incidence frequency of groundwater pollution increases, many methods that identify source characteristics of pollutants are being developed. In this study, a simulation–optimization approach was applied to determine the duration and magnitude of pollutant sources. Such problems are time consuming because thousands of simulation models are required to run the optimization model. To address this challenge, the Kriging surrogate model was proposed to increase computational efficiency. Accuracy, time consumption, and the robustness of the Kriging model were tested on both homogenous and non-uniform media, as well as steady-state and transient flow and transport conditions. The results of three hypothetical cases demonstrate that the Kriging model has the ability to solve groundwater contaminant source problems that could occur during field site source identification problems with a high degree of accuracy and short computation times and is thus very robust."
}

@inproceedings{xie2010,
	title={The influence of correlation functions on stochastic kriging metamodels},
	author={Xie, Wei and Nelson, Barry and Staum, Jeremy},
	booktitle={Proceedings of the 2010 winter simulation conference},
	pages={1067--1078},
	year={2010},
	organization={IEEE}}

 @article{lataniotis2015uqlab,
	title={UQLab user manual--Kriging (Gaussian process modelling)},
	author={Lataniotis, C and Marelli, S and Sudret, B},
	journal={Report UQLab-V0},
	pages={9--105},
	year={2015}}

@article{sun2011radial,
  title={Radial basis functional model for multi-objective sheet metal forming optimization},
  author={Sun, Guangyong and Li, Guangyao and Gong, Zhihui and He, Guanqiang and Li, Qing},
  journal={Engineering Optimization},
  volume={43},
  number={12},
  pages={1351--1366},
  year={2011},
  publisher={Taylor \& Francis}}

@online{xongrid,
	author = {XonGrid},
	title = {XonGrid Interpolation Add-in},
	year = 2014,
	url = {http://xongrid.sourceforge.net},
	urldate = {}
}

@online{scipy,
	author = {{The SciPy community}},
	title = {SciPy, an open-source software for mathematics, science, and engineering},
	year = 2019,
	url = {https://docs.scipy.org/doc/scipy/reference/generated/scipy.optimize.minimize.html},
	urldate = {}
}

 @article{edgecfd,
	title={Stabilized edge‐based finite element simulation of free‐surface flows},
	author={Elias, R. N. and Coutinho, A. L. G. A.},
	journal={International Journal for Numerical Methods in Fluids},
	pages={965-993},
	year={2007}}

@article{rbvms,
	title = "Variational multiscale residual-based turbulence modeling for large eddy simulation of incompressible flows",
	journal = "Computer Methods in Applied Mechanics and Engineering",
	volume = "197",
	number = "1",
	pages = "173 - 201",
	year = "2007",
	issn = "0045-7825",
	doi = "https://doi.org/10.1016/j.cma.2007.07.016",
	url = "http://www.sciencedirect.com/science/article/pii/S0045782507003027",
	author = "Y. Bazilevs and V.M. Calo and J.A. Cottrell and T.J.R. Hughes and A. Reali and G. Scovazzi",
	keywords = "Variational multiscale methods, Large eddy simulation, Turbulence modeling, Optimality, Projection, Small-scale Green’s function, Perturbation series, Isogeometric analysis, NURBS, Incompressible flows, Homogeneous isotropic turbulence, Turbulent channel flows",
	abstract = "We present an LES-type variational multiscale theory of turbulence. Our approach derives completely from the incompressible Navier–Stokes equations and does not employ any ad hoc devices, such as eddy viscosities. We tested the formulation on forced homogeneous isotropic turbulence and turbulent channel flows. In the calculations, we employed linear, quadratic and cubic NURBS. A dispersion analysis of simple model problems revealed NURBS elements to be superior to classical finite elements in approximating advective and diffusive processes, which play a significant role in turbulence computations. The numerical results are very good and confirm the viability of the theoretical framework."
}

@article{nelder,
	author = {Gao, F. and Han, L.},
	year = {2012},
	month = {05},
	pages = {259-277},
	title = {Implementing the Nelder-Mead simplex algorithm with adaptive parameters},
	volume = {51},
	journal = {Computational Optimization and Applications},
	doi = {10.1007/s10589-010-9329-3}
}

