%% This BibTeX bibliography file was created using BibDesk.
%% http://bibdesk.sourceforge.net/


%% Created for Lauro Cesar Araujo at 2013-01-14 23:15:37 -0200 
%% modified by machnievscz at 2013-01-22: changed Equipe abnTeX2 by abnTeX2

%% Saved with string encoding Unicode (UTF-8) 

        
@MISC{giuliano,
	title={Notas de aula e material: Desempenho},
	author={Giuliano Gardolinski},
	city={Uberlândia},
	year = {2021}
}

@MISC{vedovoto,
	title={Notas de aula e material: Propulsão de Aeronaves},
	author={João Vedovoto},
	city={Uberlândia},
	year = {2021}
}

@MISC{Poiseuille,
    title={Recherches experimentales sur Ie mouvement des liquides dans les tubes de tres-petits diametres},
	HOWPUBLISHED={Memoires presentes par divers savants a l'Academie Royale des Sciences de l'Institut de France},
	author={Jean Léonard Marie Poiseuille},
	year={1846}
}
@MISC{CFD_in_learing,
    title={Integrating Simulation into the Engineering Curriculum: A Case Study},
    HOWPUBLISHED={International Journal of Mechanical Engineering Education, 41(3):269-280},
    doi={doi:10.7227/IJMEE.41.3.8},
    author={Baidurja Ray and Rajesh Bhaskaran},
    year={2013}
    
}
@MISC{CFD_in_learing_2,
author={Sert, C. and Nakiboglu, G.}, 
year={2007},
title={Use Of Computational Fluid Dynamics (Cfd) In Teaching Fluid Mechanics Paper presented},
HOWPUBLISHED={Annual Conference \& Exposition, Honolulu, Hawaii. 10.18260/1-2--2351}
}


@MISC{SilveiraNeto,
author={Aristeu Silveira Neto},
title={A turbulência Aplicada nos Fluidos},
HOWPUBLISHED={Apostila, Universidade federal de Uberlândia},
year={2020}
}

@article{FLEMMER1986217,
title = {On the drag coefficient of a sphere},
journal = {Powder Technology},
volume = {48},
number = {3},
pages = {217-221},
year = {1986},
issn = {0032-5910},
doi = {https://doi.org/10.1016/0032-5910(86)80044-4},
url = {https://www.sciencedirect.com/science/article/pii/0032591086800444},
author = {R.L.C. Flemmer and C.L. Banks},
abstract = {A mathematical approximation to experimental data on the drag coefficient of a sphere is presented. The approximation is compared with other approximations and shown to be significantly better both in range and in accuracy. The Newton-Raphson technique is applied to the approximation, allowing the computation of the terminal velocity from a knowledge Of CdRe2 and of particle diameter from a knowledge of Re/Cd.}
}

@Inbook{Kuhlmann2019,
author="Kuhlmann, Hendrik C.
and Roman{\`o}, Francesco",
editor="Gelfgat, Alexander",
title="The Lid-Driven Cavity",
bookTitle="Computational Modelling of Bifurcations and Instabilities in Fluid Dynamics",
year="2019",
publisher="Springer International Publishing",
address="Cham",
pages="233--309",
abstract="The lid-driven cavity is an important fluid mechanical system serving as a benchmark for testing numerical methods and for studying fundamental aspects of incompressible flows in confined volumes which are driven by the tangential motion of a bounding wall. A comprehensive review is provided of lid-driven cavity flows focusing on the evolution of the flow as the Reynolds number is increased. Understanding the flow physics requires to consider pure two-dimensional flows, flows which are periodic in one space direction as well as the full three-dimensional flow. The topics treated range from the characteristic singularities resulting from the discontinuous boundary conditions over flow instabilities and their numerical treatment to the transition to chaos in a fully confined cubical cavity. In addition, the streamline topology of two-dimensional time-dependent and of steady three-dimensional flows are covered, as well as turbulent flow in a square and in a fully confined lid-driven cube. Finally, an overview on various extensions of the lid-driven cavity is given.",
isbn="978-3-319-91494-7",
doi="10.1007/978-3-319-91494-7_8",
url="https://doi.org/10.1007/978-3-319-91494-7_8"
}

@article{MARKATOS1984755,
title = {Laminar and turbulent natural convection in an enclosed cavity},
journal = {International Journal of Heat and Mass Transfer},
volume = {27},
number = {5},
pages = {755-772},
year = {1984},
issn = {0017-9310},
doi = {https://doi.org/10.1016/0017-9310(84)90145-5},
url = {https://www.sciencedirect.com/science/article/pii/0017931084901455},
author = {N.C. Markatos and K.A. Pericleous},
abstract = {The paper presents a computational method used to obtain solutions of the buoyancy-driven laminar and turbulent flow and heat transfer in a square cavity with differentially heated side walls. A series of Rayleigh numbers, rangingfrom 103 to 1016 was studied. Donor-cell differencing is used, and mesh-refinement studies have been performed for all Rayleigh numbers considered. The turbulence model used for Rayleigh numbers greater than 106 is a (k ~ ε) two-equation model of turbulence, that includes gravity ~ density gradient interactions. The results are presented in tabular and graphical form, and as correlations of the Nusselt and Rayleigh numbers. Furthermore, the results for Rayleigh numbers up to 106 are compared with the benchmark numerical solution of de Vahl Davis.
Résumé
On présente une méthode numérique pour obtenir des solutions d'écoulement naturel et de transfert de chaleur dans une cavité carrée avec des parois latérales chauffées différemment. On étudie un domaine de nombres de Rayleigh entre 103 et 106. On utilise une différenciation de cellules donatrices et des études de maillage sont développées pour tous les nombres de Rayleigh considérés. Le modèle de turbulence utilisé pour les nombres de Rayleigh supérieurs à 106 est un modèle (k-ε) à deux équations qui inclut les interactions gravité-gradient de masse volumique. Les résultats sont présentés sous forme de tables et de graphiques et de formules de nombres de Nusselt et de Rayleigh. En outre, les résultats de nombres de Rayleigh jusqu'à 106 sont comparés avec la solution numérique de Vahl Davis.
Zusammenfassung
Es wird eine Berechnungsmethode beschrieben, die dazu dient, Lösungen für die laminare und turbulente, von Auftriebskräften bestimmte Strömung und den Wärmeübergang in einem Hohlraum mit quadratischem Querschnitt und unterschiedlich beheizten Seitenwänden zu erhalten. Die Rayleigh-Zahl wurde im Bereich von 103 bis 106 variiert. Es werden “ donor-cell ”-Differenzen verwendet. Einflüsse der Gitterverfeinerung wurden bei allen betrachteten Rayleigh-Zahlen untersucht. Als Turbulenzmodell für Rayleigh-Zahlen gröβer 106 wurde ein (k ~ ε)-Modell verwendet, welches Wechselwirkungen zwischen Schwerkraft und Dichtegradienten berücksichtigt. Die Ergebnisse werden in tabellarischer und grafischer Form und als Korrelationen von Nusselt- und Rayleigh-Zahlen dargestellt. Die Ergebnisse für Rayleigh-Zahlen bis 106 werden mit den Referenz-Lösungen von de Vahl Davis verglichen.
Реферат
Oпиsывaeтsя чиsлeнный мeтoд reщeния зaдaч sвoбoднoкoивeктивнoгo лaмииarиoгo и тurбuлeнтнoгo тeчeния и тeплoпereнosa в квaдraтнoй пoлosти s бoкoвыми sтeнкaми, нaгreтыми дo raзнoй тeмпeraтurы. Иssлeдoвaния пroвoднлиsь в диaпaзoнe зиaчeний чиsлa Peлeя oт 103 дo 1016. Пrи пosтroeнии raзнosтнoй sчeмы иsпoльзoвaны дoнorsкиe ячeйки. Для вseч rassмaтrивaeмыч зиaчeннй чиsлa Peлeя пroвoдилиsь иssлeдoвaния влияния измeльчeния seтки нa reшeпиe. Пrи знaчeнияч чиsлa Peлeя, пreвышaющич 106, иsпoльзoвaлasь двuчпaraмeтrичesкaя (k~ε) мoдeль тurбuлeнтнosти, uчитывaющaя взaимoдeйsтвиe мeздu sилoй тязesти и гraдиeнтoм плoтиosти. Peзuльтaты пreдsтaвлeиы в видe тaблиц и гraфикoв, a тaкзe в видe oбoбщeнныч зaвиsимosтeй мeздu чиsлaми Husseльтa и Peлeя. Kroмe тoгo, пroвeдeнo sraвнeниe reзuльтaтoв, пoлuчeнныч пrи чиsлaч Peлeя, мeньшич 106, s чиsлeнным reшeниeм дe Baaль Дaвиsa.}
}

@book{dijksterhuis2014archimedes,
  title={Archimedes},
  author={Dijksterhuis, E.J.},
  isbn={9781400858613},
  series={Princeton Legacy Library},
  url={https://books.google.com.br/books?id=Vvj\_AwAAQBAJ},
  year={2014},
  publisher={Princeton University Press}
}

@book {history_engeneering,
    title={A History of Engineering in Classical and Medieval Times},
    author={Hill, D.},
    url={https://doi.org/10.4324/9781315800110},
    year={1984},
    publisher={Routledge},
}

@article{1570009750104671360,
    author="BERNOULLI, Daniel",
    title="Theoria nova de motu aquarum per canales quoscunque fluentium",
    journal="Commentarii Academiae scientiarum Petoropolitanae",
    year="1727",
    volume="2",
    pages="111-125",
    URL="https://cir.nii.ac.jp/crid/1570009750104671360"
}

@book{Cengel,
	author={Yunus A. Cengel and Afshin J. Ghajar},
	name={Fluid mechanics Fundamentals and Applications},
	edition={First edition},
	publisher={McGraw-Hill series in mechanical engineering},
	year={2006}
}
	
@book{Incropera,
	author={Incropera and Freank, P. and Dewitt and David P.},
	name={\em fundamentals of Heat and Mass Transfer},
	edition={3rd edition},
	year={2007},
}

@article{felipe1,
    title={Thermal Analysis of Turbulent Poiseuille Flows},
    journal={INTERNATIONAL JOURNAL OF EMERGING TECHNOLOGY AND ADVANCED ENGINEERING},
    year={2020},
    author={Felipe J. O. Ribeiro and Aristeu da Silveira Neto},
    issn={22502459},
    volume={10},
    url={https://ijetae.com/files/Volume10Issue3/IJETAE_1003_01.pdf}
}

	
@article{hasan,
	author={Basim O. and Hasan},
	title={Turbulent Prandtl Number and its Use in Prediction of Heat Transfer Coefficient for liquids.},
	journal={Nahrain University, College of engineering Journal (NUCEJ) Vol.10, No.1},
	year={2007},
}

@MISC{John,
author={John Sommerer and Edward Ott and Tamas Tél},
title={Modeling Two-Dimensional Fluid Flows with Chaos Theory},
HOWPUBLISHED={Johns Hopkins APL Technical Digest, volume 18, number 2},
year={1997}
}
		
	
@article{Prandtl,
	author={Prandtl L.},
	title={Uber die ausgebildete Turbulenz},
	journal={ZAMM},
	year={1925},
}
	
	
@article{Cebeci,
	author={Cebeci T. and Bradshaw P.},
	title={Physical and computational aspects of convective heat transfer},
	journal={Springer},
	address={New York},
	year={1984},
}
	

@book {aristeu,
    author={Aristeu da Silveira Neto},
	title={Turbul\^encia nos fluidos, textbook of the post graduate mechanical engineering course of federal university of Uberl\^andia},
	publisher={Uberl\^andia, Brazil},
	year={2018},
}
	
	
	
@article{Kawamura,
	author={Kawamura, H. and Abe, H. and Shingai, k.},
	title={DNS of turbulence and heat transport in a channel flow with different Reynolds and Prandtl numbers and boundary conditions.},
	journal={ Turbulence, Heat and Mass Transfer 3, (Proc. of the 3rd International Symposium on Turbulence, Heat and Mass Transfer)},
	year={2000},
}
	
	
	
	
@article{Abe,
	author={Kawamura H. and Abe H. and Yuichi M.},
	title={DNS of turbulent heat transfer in channel flow with respect to Reynolds and Prandtl number effects},
	journal={Elsevier},
	address={Tokio, Japan},
	year={1999},
}

@article{argo,
    title={Astronomie populaire},
    author={François ARAGO},
    year={2012},
}

	
@article{DNS1020,
	author={Kawamura H.},
	title={Direct Numerical Simulation Data Base for Turbulent Channel Flow with Heat Transfer.},
	address={<http://www.rs.tus.ac.jp/~t2lab/db/index.html>, Laboratory of Thermo-fluid dynamics, Department of Mechanical Engineering, Faculty of Science and Technology, Tokyo University of Science, Noda-shi, Chiba-ken, Japan},
	year={2007},
}
	
	
@article{DNS150,
	author={Kasagi H. and Horiuti K. and Miyake Y. and Miyauchi T. and Nagano Y.},
	title={Establishment of the Direct Numerical Simulation Data Bases of Turbulent Transport Phenomena},
	address={<http://thtlab.jp/DNS/dns\_database.html>,  Co-operative Research No. 02302043, Bunkyo-ku, Tokyo 113  },
	year={1992},
}

	
	

	
@article{Luigi,
	author={Antonialli L. A. and Silveira A. N.},
	title={Theoretical study of fully develop turbulent flow in a flat channel, using prandtl's mixing length model},
	year={2015},
}
	
@article{diferential,
	author={Price K. V. and Storn M. R. and Lampinen A. J.},
	title={Differential Evolution, a practical approach to Global Optimization},
	year={2005},
}


@Inbook{Price2013,
  author="Price, Kenneth V.",
  editor="Zelinka, Ivan
  and Sn{\'a}{\v{s}}el, V{\'a}clav
  and Abraham, Ajith",
  title="Differential Evolution",
  bookTitle="Handbook of Optimization: From Classical to Modern Approach",
  year="2013",
  publisher="Springer Berlin Heidelberg",
  address="Berlin, Heidelberg",
  pages="187--214",
  abstract="After an introduction that includes a discussion of the classic random walk, this paper presents a step-by-step development of the differential evolution (DE) global numerical optimization algorithm. Five fundamental DE strategies, each more complex than the last, are evaluated based on their conformance to invariance and symmetry principles, degree of control parameter dependence, computational efficiency and response to randomization. Optimal control parameter settings for the family of convex, quadratic functions are empirically derived.",
  isbn="978-3-642-30504-7",
  doi="10.1007/978-3-642-30504-7_8",
  url="https://doi.org/10.1007/978-3-642-30504-7_8"
}
